2596 3532
633 388 666 440 10

300 558 367 604 Nihil
391 563 440 606 tam
464 561 612 608 mortiterum
641 561 744 621 ingeniis
771 576 840 620 quam
870 562 965 608 luxuria
995 566 1040 608 est.

593 647 653 694 San.
672 650 778 694 centron.
800 645 820 692 1.
840 645 920 708 praes.
940 647 963 708 ξ.
983 642 1006 694 7.

299 729 429 776 Immature
452 745 562 792 magnum
587 731 709 792 ingenium
731 747 778 778 nou
802 736 839 778 est
862 731 941 778 vitulo.
978 731 1039 779 Sura.

714 821 812 864 controv
840 814 862 876 1,
881 813 904 864 1.
923 818 946 878 ξ.
965 812 1005 864 22.

299 898 397 946 Nullum
418 915 529 961 magnum
552 901 673 962 ingenium
700 901 752 948 sine
777 901 882 948 mixture
908 900 1039 948 dementiae

246 981 301 1030 fuit.
338 984 396 1032 Snn.
415 985 444 1034 de
463 989 561 1049 trnaqn.
582 982 621 1046 15,
644 982 673 1034 16
692 982 743 1046 (17,
764 983 814 1034 1οι,

298 1070 445 1118 Immortalis
463 1074 499 1118 est
516 1071 606 1130 ingenii
623 1071 744 1118 memoria.
781 1070 839 1116 Suu.
859 1069 888 1117 de
901 1071 990 1117 consol.
1005 1069 1038 1118 nd

747 1153 828 1216 rotgo.
849 1148 881 1201 18
900 1150 963 1216 (37),
982 1149 1005 1202 2.

298 1239 398 1297 Ingenia
415 1254 462 1298 qno
480 1240 622 1300 illustriora,
640 1241 750 1288 breviora
768 1241 833 1285 suut.
861 1237 921 1286 Suu.
937 1238 966 1285 de
984 1252 1042 1286 con·

647 1322 692 1372 eol.
717 1323 750 1372 nd
767 1323 849 1372 Marc.
867 1317 909 1382 23,
927 1317 944 1369 3
962 1319 1007 1386 (41.
1069 1364 1074 1372 .

298 1408 360 1455 Mala
382 1409 528 1467 respondent
550 1413 631 1456 ooaota
654 1408 761 1467 ingenia:
795 1409 927 1454 reluctante
954 1411 1041 1455 natura

246 1492 330 1539 irritus
347 1492 415 1539 labor
433 1496 476 1542 est.
513 1493 573 1542 Snn.
591 1493 621 1541 de
639 1498 738 1556 tranqn.
758 1487 782 1552 6,
800 1489 825 1540 2.

298 1577 407 1625 Severior
429 1577 475 1625 looi
498 1576 626 1637 disciplina
657 1578 737 1625 firmat
762 1578 884 1638 ingenium
910 1581 1041 1636 aptumque

244 1662 337 1721 elinguis
355 1663 478 1710 conatibus
496 1663 583 1710 reddit.
619 1663 677 1710 Suu.
697 1662 769 1724 epist.
787 1657 829 1722 51,
848 1657 881 1710 10
899 1657 961 1724 (11).

296 1745 413 1793 Looorum
437 1748 554 1806 asperitas
581 1747 704 1794 hominum
728 1761 822 1806 quoque
845 1746 941 1805 ingenia
959 1745 1038 1794 durat.

505 1834 583 1881 Cunr.
603 1833 632 1880 de
649 1835 711 1893 gest.
733 1833 802 1878 Alea.
821 1827 845 1891 7,
864 1826 880 1878 3
899 1826 961 1892 (itt,
981 1827 1005 1876 a.

295 1917 396 1975 Ingenia
407 1918 530 1964 hominum
542 1917 630 1976 ubique
642 1917 749 1962 locorum
762 1915 824 1962 situs
836 1915 932 1962 format.
959 1915 1040 1964 Ounu.

583 2002 613 2048 de
630 2002 691 2062 gest.
711 2002 783 2048 Ater.
806 1997 831 2060 8,
849 1996 865 2046 9
884 1995 946 2061 (31),
965 1994 1005 2048 20.

294 2087 369 2132 Amor
380 2086 470 2146 ingenii
482 2086 599 2132 neminem
608 2100 721 2144 umquam
731 2085 829 2132 divitem
839 2083 904 2131 iecit.
923 2083 1031 2130 Panisos

824 2174 900 2230 antor.
920 2165 962 2228 83,
980 2163 1004 2218 0.

294 2255 394 2314 Ingenia
412 2255 497 2301 melius
516 2259 579 2303 reeta
597 2269 623 2300 se
640 2255 666 2300 in
683 2254 766 2301 laudes
784 2254 873 2314 ferunt,

294 2339 316 2385 si
333 2339 438 2386 nobilem
454 2340 560 2387 animum
577 2343 659 2400 vegete
676 2339 776 2386 libertas
800 2339 852 2386 alit.
888 2339 947 2386 Suu.
968 2339 1039 2400 Hip·

833 2426 883 2485 pot.
901 2420 952 2472 459
970 2438 1006 2486 aq.

295 2509 387 2556 Aurum
404 2513 428 2556 et
445 2524 503 2569 opes
521 2513 545 2558 et
561 2524 617 2580 ruge
633 2508 746 2568 frequens
764 2508 864 2556 donabit
881 2508 984 2557 amians:

329 2593 371 2652 qui
394 2594 453 2641 velit
475 2593 572 2653 ingenio
596 2593 691 2653 cedere,
717 2607 787 2640 rarus
816 2593 870 2640 erit.
906 2593 1040 2640 mariun.
1094 2573 1099 2582 ⁸

733 2673 1006 2740 mffidffi9m

295 2763 423 2822 Ingenium
440 2777 487 2809 non
505 2762 576 2810 datur
593 2762 758 2822 facultatibus,
775 2777 818 2810 neo
836 2762 917 2808 studio
933 2765 1041 2821 paratur,

243 2846 286 2894 sed
304 2847 428 2905 cumipse
446 2847 533 2894 mentis
556 2846 701 2896 formatione
724 2850 859 2908 generatur..
896 2847 959 2896 aaa.
979 2846 1040 2894 an.

817 2934 903 2979 (lctoo.
924 2928 964 2990 16,
983 2925 1006 2977 ῗ.
