2596 3532
609 304 616 338 Ι

649 385 665 437 8

309 561 415 608 Murrum
432 559 457 606 in
476 573 555 606 amore
573 558 647 618 fides,
670 559 773 606 multum
794 559 929 606 constantia
946 559 1053 618 prodeat.

627 644 758 691 Paonnan.
778 658 855 692 carm.
873 642 898 704 2,
916 639 958 704 26,
976 640 1018 694 27.

311 730 421 778 Vinceria
433 733 475 776 aut
485 729 569 783 vincis.
588 730 646 775 haee
657 728 684 775 in
696 743 775 774 amore
786 731 840 776 rota
852 731 896 776 est.
921 729 1052 776 Paeanan.

813 828 889 861 carna.
908 810 932 869 2,
951 810 975 873 8,
993 811 1017 864 8.

312 900 388 946 Venis
407 913 473 945 arnor
490 898 583 944 nullum
600 897 668 945 novit
687 899 774 945 habere
792 898 896 945 modum.
921 899 1051 945 Paorraar.

780 998 855 1031 carm.
873 981 898 1043 2,
918 979 958 1043 15,
976 979 1017 1032 3οᾷ

312 1069 387 1118 Omne
398 1069 424 1115 in
435 1081 515 1115 amore
526 1069 623 1130 maium,
641 1068 663 1114 si
674 1068 774 1128 patiare,
792 1069 842 1114 leve
858 1073 901 1116 est.
920 1069 1051 1115 Paonnan.

449 1215 451 1218 Ι
796 1168 870 1202 carm.
890 1149 914 1213 2,
933 1148 958 1214 5,
977 1150 1016 1202 16.

313 1236 415 1284 Credula
432 1251 470 1282 res
488 1252 554 1284 amor
571 1241 615 1284 eat.
634 1238 710 1285 0v1n.
729 1236 781 1284 her.
791 1234 816 1297 6,
826 1233 872 1292 21;
892 1243 946 1286 met.
958 1235 982 1299 7,
992 1235 1050 1287 826.

312 1322 434 1370 Nobilitas
452 1321 496 1368 sub
514 1336 594 1368 amore
608 1323 679 1383 jacet.
716 1323 790 1370 Ovro.
810 1321 862 1370 her.
880 1320 905 1382 4,
925 1320 982 1372 161.

313 1408 415 1466 Magnus
433 1409 470 1453 est
487 1420 565 1466 amor,
589 1406 631 1466 qui
653 1421 682 1452 ex
699 1407 864 1454 misericordia
881 1408 953 1455 venit.
990 1407 1050 1454 San.

376 1552 378 1556 Ι
617 1496 724 1552 excerpt.
743 1496 850 1540 controv.
869 1488 894 1553 8,
908 1488 931 1540 6.
952 1493 975 1552 ξ.
991 1488 1015 1540 8.

312 1578 386 1624 Amor
403 1575 517 1635 magister
534 1578 571 1622 eat
588 1575 702 1633 optimus.
738 1577 811 1623 Pam.
830 1578 903 1639 epist.
921 1573 947 1637 4,
967 1572 1007 1638 19,
1025 1575 1050 1624 4.

311 1663 385 1710 Amor
401 1661 485 1708 timere
503 1661 620 1707 neminem
637 1675 707 1706 verus
724 1664 812 1718 potest.
831 1662 891 1708 sin.
911 1661 977 1710 Med.
991 1658 1049 1710 416.

311 1744 376 1798 Quos
394 1761 460 1793 amor
477 1760 546 1792 verus
563 1745 649 1804 tenuit,
667 1746 765 1792 tenebit.
796 1746 854 1793 San.
878 1746 977 1808 Thyest.
991 1743 1049 1796 551.
1130 1752 1139 1768 ·

313 1831 346 1878 Ut
363 1832 458 1890 ameria,
476 1831 585 1877 amabilis
603 1834 663 1877 esto.
699 1831 774 1878 Ovm.
793 1835 842 1880 ort.
862 1845 909 1878 ant.
928 1825 1028 1890 2108.

270 1948 272 1951 -
312 1915 345 1964 Ut
362 1916 459 1975 ameris,
475 1929 534 1962 ama.
569 1915 699 1962 Mnnnrnr..
718 1916 798 1976 epigr.
817 1910 841 1974 6,
861 1911 901 1974 11,
921 1911 960 1964 10.

313 2001 340 2048 si
357 2001 393 2046 via
412 1999 494 2060 amari,
512 2014 571 2046 ama.
607 2000 667 2048 son.
686 2000 759 2061 epist.
778 1995 803 2060 9,
819 1995 895 2060 416).

313 2085 418 2132 Affectus
436 2085 514 2160 110st
531 2085 599 2131 vobis
622 2099 671 2132 non
689 2084 803 2131 serviunt.
839 2084 893 2130 Non
910 2085 978 2140 potes
997 2082 1050 2128 cffi-

260 2184 313 2222 cere
330 2169 439 2230 imperio,
457 2173 485 2217 nt
502 2170 539 2216 vel
550 2184 626 2216 amem
636 2185 706 2228 quem
717 2169 777 2216 velis
788 2169 825 2215 vel
837 2167 936 2214 oderim.
955 2166 1048 2220 eran.

625 2251 685 2302 decl.
704 2249 762 2302 376.
781 2269 804 2311 p.
823 2249 881 2301 381.
900 2252 936 2300 ed.
958 2251 1035 2314 nno·

313 2341 398 2386 Amara
415 2342 439 2386 et
457 2353 539 2398 sapere
550 2339 590 2389 an'x
603 2339 646 2386 deo
658 2338 802 2386 conceditur.
821 2337 848 2384 P.
860 2337 923 2384 Sran
935 2342 997 2386 sent.
1009 2334 1048 2386 16.

312 2425 398 2470 Amare
404 2425 487 2484 juveni
496 2423 587 2471 fructus
597 2428 642 2484 eat,
655 2424 744 2470 crimen
754 2423 812 2470 aeni.
827 2423 855 2470 P.
864 2423 927 2469 Srnn
936 2427 997 2471 sent.
1008 2419 1048 2470 17.
1112 2453 1115 2457 -

313 2509 422 2556 Amantio
437 2509 478 2569 juo
493 2507 622 2569 jurandum
640 2522 740 2566 poenam
761 2508 904 2555 nonhabet.
939 2508 967 2556 P.
986 2507 1049 2555 Srnn

893 2596 955 2640 sent.
974 2586 1014 2641 lo.

315 2678 374 2732 Quia
392 2679 468 2737 legem
485 2676 525 2723 det
536 2677 693 2739 amantibus?

314 2763 392 2824 Major
409 2763 447 2808 lex
465 2775 531 2808 amor
548 2764 585 2809 est
602 2761 656 2807 sihi.
692 2761 790 2808 Bonna.
803 2751 934 2810 deconsdl.
947 2760 1011 2822 pha.
1024 2757 1046 2809 3.

781 2849 851 2895 metr.
870 2843 910 2906 12,
927 2842 961 2895 47
978 2861 1014 2910 sq.
