2608 3524
619 419 668 474 131

575 595 710 655 Princeps.

298 696 453 756 Principibus
464 697 584 755 placuisse
602 697 660 744 viris
678 710 726 744 non
744 697 830 744 ultime
846 698 900 744 laus
919 701 964 744 est.
990 697 1044 744 Ho-

689 794 749 828 ΕΔΤ.
771 783 843 843 epist.
864 777 888 842 1,
907 779 947 841 17,
965 776 1007 831 35.

298 883 420 940 Principis
438 891 475 930 est
491 885 570 931 virtus
587 885 691 931 maxima
715 899 786 930 nosse
810 899 874 930 suos.
911 883 1043 929 Masurii.

766 970 860 1030 epigr.
879 963 905 1028 8,
924 963 966 1028 15,
984 961 1008 1014 8.

299 1071 399 1118 Ferrum
417 1074 498 1119 tuetur
515 1071 662 1130 prinoipem
682 1072 769 1118 melius
787 1071 855 1118 fidos.
884 1071 945 1118 Suu.
957 1069 1044 1118 Oetae.

949 1149 1008 1203 456.

299 1241 373 1288 Deeet
391 1240 471 1288 timeri
489 1241 628 1300 Caesarem
648 1241 746 1300 utplus
764 1240 841 1300 diligi.
879 1239 942 1286 sis.
958 1241 1045 1286 (iotae.

951 1319 1010 1372 457.

300 1411 406 1474 Caesari,
428 1411 466 1460 oui
490 1413 570 1460 omnia
587 1411 669 1473 licent,
686 1413 787 1468 propter
807 1411 853 1456 hoo
870 1409 952 1467 ipsum
969 1409 1047 1456 inulta

247 1510 296 1543 nou
313 1497 394 1544 licent.
431 1497 491 1545 Suu.
510 1495 540 1545 de
558 1498 648 1544 consol.
668 1495 701 1544 ad
721 1494 808 1555 Polyb.
828 1491 843 1543 7
863 1491 926 1556 (26),
944 1488 968 1542 3.

300 1600 331 1645 In
348 1599 487 1656 principatu
504 1597 673 1646 commutando
691 1597 787 1654 saepius

300 1684 335 1730 nil
352 1686 448 1742 praeter
464 1683 557 1740 domiui
569 1697 656 1729 nomen
667 1685 763 1730 mutant
775 1694 900 1740 pauperos.
926 1679 1047 1726 Paisos.

807 1765 863 1826 sab.
883 1761 908 1825 1,
927 1760 969 1824 17,
989 1759 1012 1810 1.

508 1885 640 1935 Probitas.
682 1885 790 1934 Probus.

300 1989 379 2038 Causa
394 1989 548 2048 paupertatis
566 1989 688 2048 plerisque
706 1988 815 2046 probitas
839 1990 884 2032 ast.
920 1986 999 2032 (iuer.
1019 1985 1050 2033 de

655 2077 716 2134 gest.
736 2073 809 2119 Ater.
829 2066 888 2129 4,1
908 2066 955 2133 t3),
972 2067 1014 2119 20.

453 2175 570 2224 Adversis
587 2173 698 2233 probitas
716 2175 822 2222 exercita
838 2172 920 2232 rebus,

334 2262 403 2310 tristi
420 2262 546 2309 materiam
565 2262 672 2318 tempore
690 2259 770 2306 laudis
787 2257 868 2304 habet.
897 2258 973 2305 Ovn).
984 2255 1052 2304 trist.
1145 2259 1148 2262 '

840 2339 865 2402 5,
884 2340 909 2403 5,
927 2337 961 2390 49
979 2354 1016 2402 sq.

300 2449 415 2497 Probitas
433 2447 546 2494 laudatur
566 2447 680 2506 atalgot.
717 2446 814 2516 Juvsu.
833 2445 883 2491 sot.
903 2439 927 2502 1,
947 2436 987 2489 74.
1014 2481 1016 2485 Α

300 2536 327 2581 Is
348 2533 440 2592 probus
465 2535 516 2590 ast,
543 2545 614 2592 quem
635 2531 744 2589 poenitet
768 2543 841 2588 quam
864 2526 955 2585 probus
979 2525 1013 2571 sit
1032 2525 1056 2569 et

732 2613 798 2674 frugi
813 2613 899 2659 bonae.

301 2703 350 2758 Qui
367 2704 437 2762 ipsus
456 2703 504 2750 sibi
522 2703 584 2750 satis
601 2702 689 2761 placet,
707 2713 751 2746 neo
768 2697 860 2757 probus
879 2699 916 2743 est
934 2709 977 2742 nee
989 2693 1056 2753 frugi

815 2783 899 2829 bonae.

534 2872 634 2918 Puiuu.
660 2869 733 2919 Tria.
752 2865 778 2930 2,
795 2865 821 2929 2,
839 2863 873 2914 39
893 2861 951 2928 (321
972 2860 1021 2926 sq).

870 2947 902 2988 9s
