2608 3524
645 391 678 440 {¹4

317 562 390 608 Nulla
410 565 460 608 tam
483 562 592 612 modeste
615 563 718 610 felicitas
742 566 789 621 est,
815 575 875 621 quae
898 562 1057 622 malignitatis

265 646 350 694 dentes
368 647 443 696 vitare
460 647 546 704 possit.
583 647 646 694 Vri.
669 649 739 694 Mnx.
755 647 820 706 fact.
839 651 862 696 et
880 647 940 696 dict.
959 661 1056 694 mernor.

832 728 856 791 l,
876 727 899 778 r.
920 730 977 779 mr.
998 725 1020 776 2.

603 799 716 846 Malitia.

318 901 412 948 lllalitie
429 901 500 948 unius
518 903 565 950 cito
583 902 611 950 fit
628 901 780 948 maledictum
798 901 910 947 omnium.
947 903 974 947 P.
995 902 1058 948 Sum

881 991 944 1034 seut.
964 982 1022 1034 277.

317 1072 412 1119 Malitia
429 1075 456 1119 ut
473 1073 541 1132 pejor
559 1071 645 1131 veniat,
664 1086 689 1116 ee
708 1071 806 1117 simulat
823 1071 916 1116 bouem.
953 1071 980 1116 P.
995 1069 1058 1116 Suiu

883 1159 943 1202 reru.
963 1149 1021 1203 278.

608 1223 714 1270 nalum.

317 1325 373 1371 Pati
390 1339 485 1372 neeesse
503 1328 539 1371 eet
556 1327 632 1371 multu
649 1327 774 1372 mortalem
793 1327 862 1370 mala.
897 1325 981 1371 Nnnv.
997 1340 1056 1372 cum.

910 1409 946 1468 fr.
966 1406 1021 1458 106.

316 1494 407 1540 Melum
424 1496 528 1542 alienum
546 1493 677 1540 refeceris
695 1498 764 1540 tuum
782 1495 903 1552 gaudium.
940 1494 968 1540 P.
995 1493 1058 1539 Sum

883 1583 944 1625 seut.
964 1575 1022 1628 281.

315 1663 353 1707 Ex
377 1664 447 1709 malis
478 1663 560 1710 multis
591 1665 678 1708 malum
704 1664 769 1722 qued
793 1664 925 1709 minumum
951 1667 1000 1723 est,
1033 1664 1059 1709 id

570 1757 573 1762 ’
602 1748 734 1794 minumum
753 1751 789 1794 est
807 1749 903 1794 malum.

591 1833 690 1878 Pnnur.
711 1829 786 1879 Stich.
807 1830 830 1890 1,
849 1829 873 1891 2,
892 1829 925 1880 (33
944 1828 1023 1893 (ullor.

314 1915 421 1962 Fortiter
438 1918 526 1962 malum
539 1918 581 1975 qui
593 1917 695 1976 patitur,
713 1915 777 1961 idem
790 1920 846 1973 poet
856 1917 950 1972 potitur
962 1917 1057 1962 bonum.

592 2002 689 2046 Pnnur.
710 2001 785 2048 Asin.
805 1998 830 2061 2,
848 1998 873 2060 2,
891 1995 925 2048 58
944 1997 1023 2064 (324).

314 2083 344 2128 In
362 2099 388 2130 re
406 2085 468 2130 mala
486 2086 564 2131 altimo
584 2087 605 2132 ei
623 2087 684 2132 bono
713 2090 793 2145 utare,
817 2086 922 2146 adjuvat.
959 2086 1057 2132 Pnnur.

376 2213 378 2216 .
729 2171 802 2232 Cupi.
821 2168 846 2230 2,
866 2169 889 2226 1,
908 2166 925 2217 8
944 2167 1023 2228 (202),

263 2294 265 2298 .
313 2251 387 2297 Aliud
404 2267 432 2299 ex
451 2253 498 2299 elio
516 2256 612 2300 ma'um.
644 2255 843 2304 l'urennuuliun.
857 2253 881 2315 5,
894 2249 919 2314 ἶ),
933 2251 964 2302 ll
978 2250 1058 2318 (987).

311 2336 367 2382 Non
393 2337 471 2382 solum
497 2354 526 2384 ex
552 2340 622 2385 malis
649 2340 737 2398 eligere
762 2339 861 2386 minime
882 2343 989 2400 opertet,
1017 2341 1059 2386 sed

260 2419 333 2466 etiem
352 2435 476 2479 excerpere
495 2438 523 2468 ex
541 2423 579 2469 his
597 2424 673 2481 ipsis,
699 2424 720 2469 ei
745 2424 804 2482 quid
822 2425 885 2470 inest
904 2425 968 2471 boni.
1006 2427 1057 2472 Ore.

782 2509 812 2556 (le
828 2508 893 2570 affin
912 2505 937 2569 3,
958 2509 981 2570 1,
999 2506 1022 2555 3.

297 2589 351 2636 ‚Nil
369 2589 428 2636 adeo
445 2589 544 2638 fortune
562 2593 641 2651 gravis
660 2594 796 2640 miserabile
813 2593 880 2648 facit,

345 2676 371 2720 ut
388 2674 499 2721 minuant
516 2676 583 2720 nullu
606 2677 694 2734 gaudia
710 2683 779 2735 parte
797 2681 895 2726 malum.
933 2678 1008 2725 Ovru.
1028 2694 1059 2726 ert

691 2785 694 2792 =
773 2759 1023 2826 Mmssssbm

259 2882 262 2888 .
308 2842 510 2892 Malumnullum
529 2847 565 2890 est
584 2845 635 2892 sine
653 2845 735 2904 aliquo
748 2847 817 2892 bono,
847 2848 920 2894 Pmn.
933 2853 986 2896 nat.
998 2846 1056 2895 lusi.

836 2929 878 2992 27,
897 2929 912 2980 3
932 2930 978 2994 (2),
997 2928 1022 2982 e.
