2608 3524
634 411 667 464 99

304 586 380 644 probe
397 601 465 634 merx
481 588 552 636 feeile
569 591 700 646 emptorem
718 589 817 650 reperit,
834 589 932 637 temetsi
948 589 973 636 in
992 590 1048 637 ebs-

696 678 764 722 truso
783 674 831 722 site
849 678 893 722 est.

519 759 619 806 Pisum.
639 757 711 807 Peon.
732 756 756 820 1,
773 755 798 820 2,
818 754 868 807 128
887 755 958 822 (210)
976 774 1011 822 sq.

600 895 696 944 Metus,

304 994 384 1043 Metus
401 1011 476 1056 quum
492 997 565 1058 venit,
583 1011 665 1045 rerum
685 999 758 1045 hebet
775 1012 873 1044 somnus
896 999 983 1046 losum,
1019 997 1047 1044 P.

791 1083 858 1130 Srrer
875 1087 936 1132 sent.
955 1078 1013 1132 287.

304 1165 384 1212 Metus
401 1165 524 1224 improbos
542 1167 679 1229 compescit,
697 1181 745 1215 non
766 1167 898 1216 elementis.
935 1167 963 1213 P.
985 1166 1049 1213 Srsr

871 1255 934 1300 sest.
954 1247 1013 1300 288.

304 1335 383 1382 Metus
400 1336 521 1395 interpres
539 1351 632 1394 semper
643 1337 669 1384 in
683 1337 803 1384 deteriora
820 1337 958 1384 inclinetur.
990 1333 1047 1381 Liv.

774 1421 832 1470 hist.
852 1417 894 1482 27,
911 1414 954 1482 44,
974 1415 1013 1466 10.

304 1505 414 1552 Infidelis
425 1507 486 1554 reeti
496 1507 612 1567 magister
623 1509 660 1554 est
672 1509 759 1554 metus.
787 1507 862 1554 Pers.
871 1519 962 1568 paneg.
973 1497 1015 1565 45,
1025 1499 1049 1551 6.

457 1589 524 1644 Quos
542 1592 607 1652 cogit
624 1595 702 1638 metus

305 1674 412 1736 laudere,
431 1675 527 1724 eosdem
544 1676 626 1723 reddit
642 1676 753 1724 inimicos
765 1678 851 1722 metus.
875 1675 933 1722 Sem.
950 1673 1050 1735 Thyest.

681 1757 731 1810 207
750 1776 785 1823 sq.
805 1787 839 1794 —-
861 1759 898 1822 Cf.
919 1761 1014 1808 Timor.

605 1879 692 1928 Miles.

303 1963 382 2012 Melus
399 1964 468 2012 miles
487 1967 537 2026 est,
562 1965 605 2025 qui
628 1965 799 2022 imperatorem
816 1979 912 2024 gemens
931 1963 1050 2023 sequitur.

744 2051 803 2097 Sere.
822 2049 894 2111 epist.
915 2043 973 2102 107,
991 2043 1015 2095 9.

302 2133 374 2180 Miles
392 2133 482 2181 bellum
500 2138 582 2196 optet,
608 2135 630 2182 si
654 2135 763 2196 gloriam.
802 2133 861 2180 Sere.
884 2133 913 2180 de
931 2131 1008 2192 benef.
1027 2127 1053 2187 6,

871 2212 914 2278 38,
933 2213 950 2263 ‘2
970 2212 1015 2278 (3).

526 2288 616 2336 Miser.
657 2287 777 2335 Miseria.

304 2371 338 2418 Et
356 2370 423 2420 deest
440 2375 465 2420 et
483 2375 582 2432 superat
598 2373 695 2420 miseris
713 2371 836 2433 cogitatio.
869 2369 897 2416 P.
912 2368 978 2415 Sim
990 2370 1053 2416 sent.

304 2542 334 2588 Ιιι
358 2541 441 2588 miseri
462 2542 513 2589 vite
536 2543 587 2590 vite
610 2545 647 2590 est
669 2541 821 2590 contumelio.
858 2540 886 2587 P.
907 2539 972 2586 Srer
989 2539 1054 2584 sont.

959 2617 1019 2670 223.

305 2711 381 2758 Miser
404 2711 451 2760 diei
472 2711 550 2758 bonus
574 2712 625 2774 vir,
642 2726 705 2781 'esse
731 2725 779 2758 non
804 2713 894 2768 potest.
929 2709 958 2755 P.
990 2707 1056 2754 Srm

878 2799 942 2843 sent.
961 2788 1020 2842 639.

304 2882 390 2930 Miseri
408 2885 445 2929 est
463 2882 556 2929 nesoire
574 2882 625 2929 sime
642 2882 733 2940 perielo
750 2881 838 2929 vivere.
863 2880 891 2928 P.
909 2880 975 2926 sim
992 2880 1056 2925 sent.

961 2957 1021 3010 641.

866 3045 898 3086 7*
