2608 3524
647 394 697 450 108

329 571 428 618 Varium
446 574 470 618 et
485 570 601 618 mutabile
618 583 712 628 semper
733 568 827 618 semina.
863 567 939 614 νικῶ.
958 567 1024 614 Aen.
1042 562 1067 623 4,

975 646 1033 700 569.

327 741 394 788 Nihil
412 744 448 788 est
465 744 515 788 tam
531 740 619 786 mobile
632 753 703 800 quam
714 738 857 787 feminarum
869 738 987 796 voluutas,
1005 736 1067 783 nihil

276 827 326 871 tam
343 839 437 884 vagum.
473 825 531 872 Suu.
551 825 581 872 de
598 824 685 874 remed.
699 824 761 884 fort.
782 820 822 874 16.
842 825 866 884 ξ.
884 820 909 872 4.

328 909 441 956 Mobilior
458 910 535 957 ventis
553 925 567 955 ο
584 908 685 956 feminal
721 908 853 958 Cnnruun.
871 906 913 956 eci.
932 901 957 966 3,
976 901 1016 954 10.

244 1043 247 1050 .
327 1011 366 1056 Ah
384 1010 478 1058 crudele
495 1026 569 1072 genus
586 1025 629 1058 nec
647 1010 721 1058 fidum
732 1009 821 1057 femina
833 1011 931 1057 nomon!
959 1009 1066 1054 Tlnuun.

808 1109 885 1142 carm.
904 1089 929 1152 3,
946 1089 972 1152 4,
990 1085 1032 1139 61.

326 1197 368 1244 Nil
385 1211 433 1243 non
450 1197 569 1256 permittit
585 1197 671 1244 mulier
688 1197 750 1256 sibi,
768 1200 838 1254 turpe
855 1198 925 1254 putat
941 1195 984 1241 nil.
1020 1193 1066 1241 1ο-

786 1293 847 1328 vum
867 1285 916 1328 sat.
931 1275 956 1339 6,
974 1272 1033 1328 457.

326 1383 506 1431 Intolerabilius
524 1385 585 1431 nihil
603 1388 648 1442 est,
665 1398 736 1442 quam
754 1383 842 1430 semina
866 1382 941 1429 dives.
976 1371 1066 1452 iustum.

864 1472 913 1515 sat.
932 1462 957 1525 6,
974 1460 1033 1514 460.

478 1553 566 1600 Mulier
583 1553 722 1600 saevissima
738 1556 795 1600 tunc
812 1555 858 1611 est,

326 1653 399 1697 quum
417 1638 528 1684 stimulos
545 1638 601 1685 odio
618 1638 696 1698 pudor
713 1636 830 1685 admovet.
858 1638 952 1685 Juvum
963 1639 1011 1682 sat.
1026 1630 1067 1693 10,

929 1717 980 1772 328
997 1734 1033 1782 sq.

325 1807 391 1861 Quae
399 1807 443 1854 dos
452 1811 575 1856 matronae
583 1807 759 1866 puichern'ma?
784 1807 943 1865 Vitapudica.
968 1807 1066 1855 Annon.

681 1897 742 1954 sept.
762 1893 870 1953 sapient.
889 1895 952 1942 seut.
967 1888 990 1954 1,
1007 1887 1032 1940 4.
1052 1911 1055 1918 ·

326 1989 391 2044 Quae
402 1997 467 2040 casta
479 1993 531 2040 est?
551 1992 579 2039 dn
592 2007 639 2052 qua
648 1994 745 2040 mentiri
762 1993 826 2041 fama
843 1997 945 2041 veretur.
969 1993 1066 2040 nuson.

680 2083 743 2140 sept.
762 2079 874 2139 sapient.
893 2081 957 2126 sent.
972 2073 997 2137 1,
1009 2072 1033 2124 5.

595 2230 747 2278 uultituto.

321 2328 358 2374 Ea
375 2332 462 2377 natura
479 2331 643 2380 multitudiuis
662 2337 713 2380 est:
733 2337 775 2382 aut
792 2333 867 2381 servit
884 2331 1009 2380 humiliter
1027 2333 1069 2378 aut

271 2412 372 2469 superbe
390 2413 536 2463 dominatur.
572 2415 628 2466 L1v.
648 2417 707 2466 hist.
726 2414 768 2478 24,
787 2411 829 2478 25,
847 2413 871 2466 8.

544 2569 659 2628 natatio
678 2570 793 2619 consilii.

320 2665 432 2724 Optimus
452 2672 489 2716 est
506 2674 592 2727 portus
609 2672 744 2728 poenitenti
760 2673 862 2720 mutatio
881 2671 985 2720 consilii,
1015 2671 1068 2718 C1c.

819 2756 885 2806 Phil.
905 2753 947 2818 12,
965 2751 991 2815 3,
1010 2751 1033 2804 7.

318 2851 394 2899 Nemo
413 2853 497 2903 doetus
516 2871 628 2916 umquam
646 2859 804 2906 mutationem
822 2853 919 2907 consilii
928 2859 1068 2907 inconstan-

265 2934 325 2982 tiam
343 2936 407 2987 dixit
424 2953 484 2987 esse.
521 2941 572 2988 cm.
592 2945 666 3004 epist.
687 2944 720 2991 ud
740 2945 818 2993 Attio.
838 2941 879 3006 16,
898 2943 922 3004 7,
940 2940 965 2993 3.
