2608 3524
634 362 684 418 138

314 537 402 596 videre,
421 537 463 584 sed
481 537 553 584 etiam
570 537 613 584 illa
631 551 690 596 quaa
708 536 790 584 futura
806 541 863 585 sunt

313 623 458 681 prospicere.
494 623 609 670 Tnnsnr.
628 620 734 684 Adelph.
752 617 777 682 3,
795 616 821 683 3,
838 618 872 670 32
894 616 965 685 (386)
982 635 1018 684 aq.

314 707 382 754 Nulli
400 722 482 766 sapere
500 721 556 755 oasa
573 707 668 766 obtigit.
706 707 764 753 sss.
783 706 854 768 epist.
875 702 916 767 76,
933 702 950 754 4
969 702 1013 769 (6).

314 792 383 841 Licet
401 807 483 852 sapere
501 792 553 839 sine
570 805 671 851 pompa,
697 793 748 838 sine
765 790 863 838 invidia.
900 790 964 840 sis.
981 791 1055 853 epist.

864 871 922 936 103,
940 872 957 923 4
976 870 1021 940 (5).

277 965 279 974 “
315 963 390 1010 Nemo
413 963 552 1012 mortalium
575 963 685 1010 omnibns
707 962 774 1009 horis
799 962 871 1020 sapit.
906 962 982 1011 an.
1000 965 1054 1010 nat.

707 1046 764 1096 hist.
783 1043 807 1106 7,
825 1043 860 1097 40
878 1043 941 1110 (41),
963 1042 1020 1096 131.

315 1133 370 1180 Non
381 1136 467 1193 notate,
480 1146 562 1180 verum
573 1132 668 1193 ingenio
682 1132 799 1190 apiscitur
811 1132 935 1190 sapientia.
957 1131 1055 1178 Pnsun

716 1216 785 1265 Tria.
805 1214 830 1275 2,
847 1213 872 1277 2,
890 1212 924 1266 88
942 1211 1023 1278 (367).

317 1301 402 1350 Virtus
421 1305 458 1350 est
474 1302 560 1350 vitium
576 1301 667 1362 fugere,
686 1305 709 1350 at
727 1303 847 1362 sapientia
863 1301 941 1360 prima

317 1385 423 1436 stultitia
440 1387 553 1434 semisse.
590 1387 691 1434 Honor.
710 1387 781 1448 epist.
802 1383 826 1446 1,
846 1384 869 1445 l,
887 1382 921 1435 41
939 1401 975 1448 sq.

317 1471 402 1520 Omnia
418 1471 486 1530 prins
510 1471 613 1530 experiri
636 1486 707 1531 quam
729 1471 803 1518 armis
830 1471 962 1530 sapientem
983 1469 1058 1518 decet.
1119 1486 1122 1491 ·

590 1558 704 1607 Tnannr.
722 1557 789 1605 Ean.
807 1554 832 1616 4,
851 1553 875 1617 7,
894 1551 926 1604 19
945 1550 1024 1619 (789).

317 1641 418 1699 Sapiens
435 1645 459 1690 et
475 1641 565 1689 bonnm
581 1642 644 1689 ferre
661 1645 741 1700 potest
758 1641 849 1688 modios
868 1644 892 1689 et
903 1641 993 1688 malum
1009 1637 1060 1686 for·

262 1726 323 1774 titer
348 1730 390 1775 aut
415 1727 507 1776 leviter.
543 1728 625 1806 Vina.
647 1730 697 1775 sat.
724 1725 836 1788 Menipp.
855 1720 897 1786 33,
914 1721 939 1774 4.
966 1721 1060 1784 p.129

873 1811 909 1859 ed.
930 1809 1027 1859 Ostiae.

469 1881 530 1936 Quis
549 1881 645 1940 sapiens
661 1883 725 1930 bono

318 1963 422 2013 confidat
447 1965 544 2028 fragili?
580 1966 636 2014 duni
662 1968 719 2014 lieet
745 1968 826 2014 utere!
863 1966 926 2014 Snn.
956 1962 1060 2025 Hippot.

923 2042 973 2098 773
991 2063 1026 2110 sq.

600 2119 726 2167 totietas.

317 2217 444 2267 Continuis
471 2221 549 2268 vicina
575 2221 683 2269 satietas.
719 2220 841 2274 Qumrrn.
869 2220 931 2288 dect.
954 2214 1013 2268 306·
1037 2233 1061 2276 p·

844 2301 894 2355 188
912 2303 951 2354 ed.
973 2303 1027 2364 Bip.

615 2392 715 2441 scelus.

470 2493 618 2552 Prosperum
636 2508 663 2542 ao
680 2493 740 2540 felix
757 2494 835 2541 scelus

317 2577 394 2626 virtus
411 2581 518 2628 vocatur.
554 2578 615 2624 Snn.
636 2579 711 2626 Herc.
724 2577 784 2641 [ην.
802 2574 909 2640 251sq.

472 2662 510 2709 Ad
528 2665 638 2710 auctores
656 2663 720 2710 redit

317 2748 415 2794 sceleris
433 2747 510 2796 eoacti
527 2749 605 2807 culpa.
642 2747 702 2795 sss.
726 2747 819 2797 Troad.
838 2743 890 2796 870
906 2761 943 2809 sq.

317 2832 393 2890 Saepe
419 2832 445 2878 in
471 2832 613 2892 magistrum
641 2834 731 2881 seelera
756 2832 881 2880 radiarunt
907 2845 958 2878 sua.
1004 2829 1064 2878 Snn.

851 2915 951 2979 Tisaeat.
970 2910 1029 2964 311.
