2596 3532
623 409 656 461 47

295 582 372 626 Error
390 595 404 627 a
421 582 492 638 culpa
511 585 587 628 vocat.
625 582 686 629 San.
705 584 780 631 Herc.
803 585 853 633 Oet.
874 581 932 635 983.

293 665 405 728 Cujusuis
424 668 461 712 eat
478 665 584 712 hominis
602 681 695 724 effare,
721 669 811 714 nullius
835 669 884 716 nisi
902 671 1040 731 insipientis

240 752 266 798 iu
284 765 364 798 erroro
381 763 547 809 perseverare:
577 751 724 808 posteriores
745 753 809 800 enim
827 754 993 816 cogitationes,
1013 763 1040 806 ut

241 837 318 897 ajunt,
337 833 495 894 sapientiores
514 835 592 882 solent
610 851 670 883 esse.
708 837 760 884 Orc.
780 837 846 887 Piis.
867 836 907 901 12,
926 837 950 901 2,
968 837 992 890 5.

293 921 368 967 Nemo
386 922 451 966 erret
471 920 514 966 uni
531 919 586 981 sibi,
608 921 650 967 aad
669 921 812 968 dementiam
830 924 924 983 spargit
941 925 967 972 in
983 941 1040 984 pro·

242 1007 319 1052 ,simos
338 1004 473 1064 accipitque
490 1004 599 1052 invicem.
636 1006 695 1053 San.
716 1007 789 1068 epist.
809 1003 851 1066 94,
869 1003 903 1056 53
921 1006 983 1072 (54).

292 1090 368 1136 Nemo
392 1088 440 1135 sibi
464 1090 630 1136 tautummodo
648 1093 727 1150 erret,
752 1091 794 1138 sed
818 1091 890 1140 elicui
908 1095 997 1142 erroris
1016 1099 1039 1144 et

241 1189 314 1222 cause
331 1177 355 1222 et
372 1176 456 1220 auctor
473 1177 517 1222 est.
555 1174 614 1222 San.
634 1176 665 1224 de
681 1176 725 1224 vit.
746 1175 809 1224 beot.
829 1173 853 1235 l,
871 1175 895 1226 4.

505 1326 632 1374 Eventus.
669 1329 773 1376 Exltus.

293 1430 346 1475 Hoc
362 1429 503 1487 plerumque
519 1427 629 1489 iacimus,
650 1434 676 1478 ut
695 1430 796 1476 consilia
814 1431 905 1478 eventis
920 1431 1038 1488 pondere·

243 1529 297 1559 mus
314 1516 352 1573 et,
379 1512 417 1559 cui
439 1513 498 1559 bone
523 1512 582 1573 quid
599 1514 757 1573 processerit,
776 1515 877 1560 multum
895 1515 963 1562 illum
981 1531 1038 1574 pro·

243 1578 344 1656 uidisse,
372 1597 411 1643 cui
438 1613 517 1656 secus,
545 1598 605 1644 nihil
634 1599 738 1646 sensisse
763 1598 877 1645 dicemus.
915 1599 967 1646 Cre.
993 1615 1039 1661 pro

749 1683 837 1730 Ratis.
856 1687 918 1745 post.
939 1680 961 1744 l,
981 1682 1003 1732 1.

295 1769 402 1814 Eventus
412 1768 543 1813 stultorum
552 1768 667 1827 magister
676 1771 720 1814 est.
749 1767 805 1814 LIV.
823 1767 882 1816 hist.
893 1765 935 1828 22,
944 1765 985 1826 39,
996 1765 1037 1818 10.

446 1852 532 1898 Carent
549 1853 699 1900 successibus
717 1856 782 1911 opto,

296 1937 406 1997 quisquis
424 1937 453 1983 ab
473 1925 556 1984 euentu
576 1937 640 1985 fecta
657 1936 763 1984 notanda
780 1939 858 1995 putat.
895 1937 970 1984 ovio.
985 1936 1036 1986 her.

874 2019 899 2081 2,
917 2019 951 2072 85
965 2038 1001 2085 sq.

295 2107 349 2152 Non
367 2111 464 2154 eventus
483 2107 597 2164 imputari
616 2106 685 2153 debet
704 2107 820 2168 cujusque
843 2107 891 2168 rei,
917 2108 959 2154 sod
982 2123 1038 2154 con-

244 2191 333 2238 silium.
371 2193 430 2237 Suu.
451 2172 555 2238 cosdroe.
575 2187 592 2239 5
610 2186 673 2252 (10),
691 2186 732 2238 32.
753 2192 776 2251 ξ.
796 2187 836 2239 11.

294 2277 431 2337 Numquam
457 2291 523 2322 mens
551 2277 616 2322 exitu
647 2275 796 2322 aestimanda
825 2279 869 2322 est.
914 2275 1036 2329 Qurursn.

365 2401 371 2414 .
629 2361 688 2409 dect.
707 2357 765 2408 281.
785 2375 807 2418 p.
830 2356 878 2409 135
896 2360 925 2408 cd
943 2359 1002 2422 esp.

296 2448 385 2494 Exitus
404 2449 456 2493 acta
473 2445 566 2504 prohat.
604 2446 679 2492 Ovio.
699 2443 748 2492 her.
768 2439 793 2502 2,
811 2439 852 2492 85.

295 2531 383 2579 Exitus
401 2531 426 2578 iu
444 2529 516 2576 dnbio
535 2533 579 2577 ost.
616 2528 692 2576 0v1n.
705 2528 776 2592 sust.
794 2526 819 2587 2,
838 2525 895 2578 782.

295 2616 388 2670 Quodsi
409 2616 434 2661 in
462 2614 573 2661 secundis
597 2613 668 2660 rebus
700 2613 788 2660 bonam
815 2628 910 2673 quoque
936 2615 1038 2659 mentem

245 2701 329 2748 darent
348 2700 393 2759 dai,
411 2715 459 2746 non
478 2714 505 2746 ea
521 2699 598 2745 solum
616 2713 677 2758 quae
701 2698 843 2755 evenissent,
862 2697 903 2744 sed
921 2697 993 2743 etiem
1012 2711 1039 2743 ea

246 2800 306 2845 quae
324 2785 417 2832 euenire
434 2788 542 2844 possent,
560 2785 735 2842 reputaremus.
762 2781 818 2828 L1v.
830 2781 887 2830 itis!¹
898 2778 939 2841 30,
946 2777 988 2838 30,
997 2777 1037 2829 15.

294 2869 472 2929 Quemcumque
490 2869 583 2916 dederit
601 2869 692 2916 exitum
707 2882 785 2927 cesus,
803 2867 875 2913 feras.
895 2866 955 2913 Sar.
970 2866 1038 2928 Hip-

875 2948 924 3012 poI.
945 2944 1002 2998 138.
