2608 3524
606 375 656 428 159

406 550 454 598 vir
470 563 591 611 magnus,
609 551 659 600 vid.
678 551 792 612 legun·
809 552 860 602 vir.

583 652 683 702 Virtus.

440 753 570 812 Optumum
588 757 625 802 est
641 755 774 812 praemium
792 755 884 804 virtus:

286 839 364 887 virtus
383 839 493 886 omnibus
511 839 583 886 rebus
601 839 677 887 anteit
694 840 815 898 profecto:

286 925 394 986 libertas,
413 925 487 986 salus,
505 923 564 986 vita,
582 939 621 971 res
639 927 662 972 et
679 929 790 984 parentes

287 1013 310 1057 et
327 1010 408 1069 patria
425 1013 449 1057 et
465 1010 579 1070 prognati
598 1013 719 1071 tutantur,
738 1015 875 1058 servantur:

286 1095 364 1142 virtus
383 1094 463 1142 omnia
480 1095 505 1141 in
524 1109 575 1142 sese
591 1095 677 1142 habet:
706 1095 786 1142 omnia
803 1095 894 1144 adsunt

320 1180 395 1242 bona,
419 1195 490 1240 quem
507 1194 579 1239 penes
598 1183 635 1228 est
653 1181 737 1228 virtus.
775 1181 874 1228 Pmuu.
893 1179 985 1242 Amph.
1003 1176 1031 1243 2,

757 1263 783 1326 2,
802 1261 835 1313 16
853 1259 923 1329 (648)
941 1281 993 1329 sqq.

285 1368 391 1415 Difficile
412 1371 450 1415 est
473 1367 578 1426 primum
601 1368 705 1416 virtutes
728 1369 846 1427 revereri,
870 1369 913 1428 qui
934 1380 1029 1426 semper

233 1451 338 1500 secunda
354 1452 452 1501 fortuna
471 1453 504 1500 sit
521 1467 588 1500 usus.
624 1454 729 1502 Comum.
749 1452 811 1502 rhet.
829 1449 855 1514 4,
874 1449 915 1514 17,
932 1447 973 1501 24.

282 1554 430 1602 Diuitiarum
448 1557 472 1602 ot
488 1553 579 1602 formae
597 1555 674 1615 gloria
690 1556 757 1613 fluxu¹
773 1560 845 1615 atquo
866 1554 961 1614 fragilis
979 1557 1030 1613 est;

231 1639 310 1686 virtus
328 1640 392 1688 clara
409 1643 552 1700 aeternaque
569 1640 680 1688 habetur.
717 1639 845 1688 Summum.
866 1637 940 1688 Catil.
961 1635 985 1701 1,
1002 1635 1027 1689 4.

283 1741 332 1788 Nec
350 1742 510 1803 voravimus,
529 1757 603 1801 quum
620 1743 693 1788 semel
710 1741 807 1802 excidit,
893 1763 895 1766 ·

284 1829 352 1874 curat
380 1826 465 1884 reponi
494 1826 662 1874 deterioribus.
706 1827 810 1874 Hom.
841 1841 917 1876 carm
947 1822 972 1886 3,
1002 1823 1029 1886 5,

901 1905 936 1958 29
956 1926 992 1974 sq.

282 1996 404 2044 Virtutem
421 1997 564 2044 incolumem
582 1996 686 2057 odimus,

282 2082 401 2129 sublatam
419 2096 448 2128 ex
466 2081 542 2129 oculis
560 2081 699 2142 quaerimus
717 2081 800 2129 invidi.
837 2081 939 2128 Hom.
950 2094 1025 2129 carm.

799 2161 825 2228 3,
841 2159 884 2227 24,
902 2162 936 2215 31
954 2180 995 2228 sq,

280 2251 314 2299 ut
332 2265 407 2312 genus
426 2253 450 2299 et
467 2252 545 2299 virtus
563 2252 611 2298 nisi
629 2249 684 2300 cum¹
699 2266 725 2299 re
743 2251 815 2300 vilior
832 2252 887 2312 alga
904 2255 948 2299 est.
972 2250 1028 2298 Ho-

741 2350 800 2384 m.
813 2342 862 2386 sat.
879 2333 904 2394 2,
922 2330 948 2394 5,
966 2332 991 2385 8.

282 2421 361 2468 Vilius
379 2423 505 2482 argentum
523 2424 560 2469 est
578 2436 647 2484 auro,
664 2422 796 2472 virtutibus
809 2436 901 2470 aurum.
922 2421 1027 2468 Hom.

770 2507 843 2569 epist.
863 2502 887 2564 1,
906 2501 930 2565 1,
949 2499 990 2553 52.

280 2590 389 2640 Oderunt
406 2605 504 2650 peccare
522 2591 580 2638 boni
598 2592 696 2640 virtutis
716 2606 802 2638 amore.
838 2591 939 2638 Hom.
951 2590 1023 2652 epist.

843 2674 866 2736 1,
888 2671 930 2736 16,
948 2672 989 2723 52.

432 2761 530 2808 Famam
548 2760 675 2809 extendero
692 2760 782 2822 factis,

279 2845 322 2892 hoc
340 2845 440 2894 virtutis
458 2861 528 2905 opus.
564 2848 642 2893 Vmu.
661 2849 723 2896 Aen.
743 2842 784 2907 10,
801 2839 853 2894 468
870 2860 907 2906 sq.

278 2929 348 2978 Invia
365 2929 452 2979 virtuti
470 2931 537 2979 nulla
555 2935 592 2980 est
609 2931 656 2979 via.
693 2931 769 2980 Ovm.
787 2934 842 2980 met.
861 2925 903 2989 14,
922 2925 980 2977 113.
