2608 3524
510 535 596 597 Velle,
619 537 670 586 vid.
689 537 828 588 voluntat.

620 639 714 689 Venia.

733 742 842 800 Aequum
861 743 897 788 θεῖ

324 827 428 885 peccetis
446 825 537 873 veniam
555 828 691 884 poscentem
712 825 811 873 reddere
834 841 927 874 rursus.
963 826 1065 873 Hoelr.

790 914 839 958 sat.
860 906 883 971 l,
901 905 925 969 3,
945 905 978 958 74
995 925 1030 972 sq.

324 995 402 1048 Quam
420 1009 490 1054 saepe
507 995 600 1042 veniam
618 995 660 1055 qui
677 995 781 1055 negavit,
800 995 875 1054 petit!
913 995 975 1042 Ser.
986 995 1065 1043 deira

905 1075 933 1140 2,
947 1077 989 1140 34,
1007 1076 1031 1128 4.

323 1165 495 1212 Gratissimum
513 1169 550 1214 est
567 1180 642 1225 genus
660 1165 741 1212 veniae
759 1164 864 1225 nescire,
888 1164 947 1224 quid
964 1165 1066 1224 quisque

269 1250 411 1306 peccaverit.
449 1250 511 1297 Ser.
529 1251 560 1298 de
576 1251 618 1298 ira
635 1247 660 1310 2,
678 1245 720 1305 23,
738 1247 763 1299 4.

308 1351 369 1408 ιΙ)θῖ
392 1351 433 1399 ille
457 1353 549 1399 veniam
573 1352 656 1412 facile,
684 1351 723 1400 cui
747 1352 815 1399 venie
839 1355 876 1399 est
897 1366 965 1410 opus,
1002 1351 1065 1398 Sere.

861 1439 953 1498 Agam.
972 1431 1030 1485 267.

611 1522 719 1570 Venter.

322 1623 411 1671 Venter
422 1627 548 1683 praecepte
565 1638 613 1671 non
631 1624 707 1672 cudit.
726 1624 812 1684 poscit.
831 1625 943 1682 appellet.
961 1639 1009 1670 non
1027 1627 1065 1670 θεῖ

270 1711 350 1756 tamen
368 1709 485 1758 molestus
503 1708 620 1758 creditor:
642 1723 716 1768 parvo
735 1708 876 1768 dimittitur,
895 1707 1003 1755 simodo
1023 1707 1065 1755 des

270 1792 315 1852 illi,
334 1793 399 1854 quod
416 1793 496 1856 debes,
514 1809 562 1841 non
580 1794 644 1854 quod
660 1797 737 1852 potes.
773 1793 833 1840 Sere.
853 1793 926 1854 epte.
945 1789 987 1853 21,
1007 1789 1048 1842 11.

321 1896 408 1955 Magne
433 1911 491 1954 pers
514 1896 636 1943 libertatis
659 1900 696 1944 est
718 1897 777 1942 bene
799 1899 907 1942 moratus
933 1897 1017 1942 venter
1042 1899 1066 1942 ct

266 1981 427 2028 contumeliae
443 1981 545 2040 petiens.
581 1981 644 2027 Sere.
662 1982 735 2042 epist.
755 1977 813 2040 123,
829 1977 854 2028 3.

321 2082 439 2141 Magister
456 2081 664 2142 artisingenique
681 2084 785 2143 largitor·

321 2171 411 2215 venter.
447 2168 525 2215 Plus.
543 2173 592 2215 sal.
611 2167 674 2230 prol.
694 2164 727 2216 10
744 2183 780 2230 sq.

635 2322 695 2369 Ver.

473 2424 631 2470 Senescimus.
650 2423 734 2484 effugit
751 2427 826 2472 aetas,

319 2511 386 2554 utere
404 2521 458 2554 vere
475 2511 525 2556 tuo.
562 2500 663 2556 Ausere
682 2509 762 2571 epigr.
783 2505 824 2569 13,
844 2505 909 2572 leq.

603 2643 725 2693 Verbum.

319 2745 396 2792 Semel
415 2746 529 2791 emissum
553 2747 630 2812 volet·
643 2747 800 2795 irrevocabile
817 2749 924 2796 verbum.
960 2748 1064 2818 Hercle.

794 2834 866 2894 epist.
886 2829 910 2892 1,
929 2829 971 2894 18,
990 2828 1031 2880 71,

318 2915 402 2963 Nescit
419 2929 466 2962 vox
483 2916 557 2962 misse
576 2917 672 2964 reverti.
708 2917 811 2965 Hcelr.
830 2917 903 2980 epist.
920 2913 946 2979 2,
963 2913 988 2976 3,
1007 2913 1064 2966 390·
