2596 3532
611 421 645 473 57

232 610 235 616 ¹
282 591 389 640 Fortuna
407 591 545 641 hominibus
566 595 622 653 plue
645 607 715 654 quam
739 593 867 642 eonsilium
891 591 968 645 volat.¹
997 598 1025 644 P.

766 679 831 726 Srar
848 684 910 729 eant.
931 677 987 731 165.

232 781 235 786 ·
281 762 411 810 Fortunam
436 753 511 812 oitiue¹
531 765 636 823 reperias
662 779 734 825 quam
759 765 870 813 retineas.
907 765 934 813 P.
958 761 1021 814 Sum

848 854 909 899 rmt.
930 847 986 901 166.

232 939 235 944 ’
282 935 388 980 Fortuna
405 934 505 981 nimium
524 949 593 995 quem
610 933 682 995 fovet,
702 936 803 983 stultum
820 933 885 982 facit.
915 935 943 984 P.
957 935 1021 982 Srar

849 1023 909 1070 seat.
930 1015 987 1070 167.

282 1105 453 1162 Fortunaque
472 1118 509 1158 se,
535 1103 616 1150 eodem
640 1109 663 1151 et
685 1104 786 1151 inclinat
802 1103 877 1152 iuver.
912 1105 940 1152 P.
959 1105 1022 1154 Srar

847 1191 910 1238 sent.
930 1185 987 1240 169.

286 1273 392 1320 Fortuna
401 1273 483 1332 vineit,
499 1273 547 1319 niei
557 1273 578 1319 ai
587 1275 639 1320 tota
648 1273 758 1320 vincitur.
786 1273 955 1324 P.Sra1sent.
967 1273 1024 1326 170.

285 1359 391 1405 Fortuna
409 1358 484 1406 vitrea
506 1361 556 1405 est:
584 1361 634 1406 tum
657 1371 730 1418 quum
753 1358 873 1418 splendet,
896 1358 1022 1422 frangitur.

724 1442 750 1488 r.
770 1429 834 1490 sm
851 1445 912 1493 'sena
933 1440 989 1494 171.
1018 1509 1021 1513 ,

286 1529 355 1576 Levia
372 1531 408 1574 est
427 1529 544 1575 Fortuna:
567 1528 614 1575 eito
635 1525 739 1586 reposcit
757 1543 816 1588 quae
829 1528 901 1577 dedit.
921 1531 948 1577 P.
959 1529 1023 1577 Srar
1123 1534 1126 1540 '

848 1619 909 1664 sent.
932 1611 989 1665 253.

285 1701 347 1747 Maio
365 1699 463 1758 geritur,
481 1697 599 1758 quidquid
611 1699 702 1758 geritur
714 1698 833 1746 Fortunae
845 1699 898 1746 fide.
917 1699 944 1747 P.
959 1699 1022 1747 Srm

849 1789 910 1832 aeut.
930 1781 987 1834 268.

286 1870 411 1917 Minimum
435 1867 506 1926 eripit
529 1869 647 1927 Fortuna,
675 1868 712 1916 oui
736 1867 860 1914 minimum
886 1856 958 1916 dedit.
994 1870 1022 1916 P.

297 1937 304 1950 ’
759 1951 833 1998 'Sunt
849 1957 910 2002 sent.
929 1949 987 2002 289.
1019 1951 1023 1958 '

288 2039 361 2087 Stulti
379 2039 464 2086 timent
482 2037 614 2097 fortunam,
640 2036 760 2094 sapientes
783 2036 871 2085 ferunt.
906 2037 933 2085 P.
958 2039 1022 2086 Srar

849 2125 909 2169 sent.
928 2117 986 2172 476.

287 2200 392 2256 Fortuna
414 2207 569 2254 immoderata
591 2206 616 2253 in
639 2206 701 2254 bono
725 2221 798 2266 aeque
821 2210 891 2267 atque
909 2207 934 2254 in
951 2209 1021 2255 malo.

679 2291 774 2339 Lunna.
796 2306 855 2340 com.
867 2291 909 2352 su.
929 2287 985 2339 113.

287 2379 390 2426 Proinde
407 2381 434 2425 ut
452 2377 552 2436 quiaque
569 2375 666 2424 fortuna
683 2377 768 2435 utitur,

287 2464 323 2512 ita
340 2463 473 2520 praecellet.
508 2462 608 2508 Pnaur.
629 2461 718 2510 Pseud.
736 2457 761 2521 2,
779 2458 804 2521 3,
823 2457 856 2509 13
873 2456 943 2524 (679)
961 2475 996 2524 so.

287 2551 392 2597 Fortuna
414 2548 516 2608 hnmana
538 2545 609 2606 fingit
631 2549 740 2605 artatque
763 2549 790 2592 ut
813 2545 886 2591 lubet.
922 2545 1022 2614 Pnupr.

681 2629 753 2691 Capt.
772 2627 797 2689 2,
816 2625 841 2689 2,
858 2625 893 2678 54
910 2625 989 2693 (304).

288 2719 306 2768 0
324 2717 429 2777 fortuna,
447 2721 473 2764 ut
491 2723 620 2776 numquam
636 2718 750 2776 perpetuo
768 2729 793 2760 ee
811 2713 880 2761 data!
912 2713 1023 2762 Pitanae.
1042 2743 1044 2748 ,

625 2809 626 2812 ’
649 2810 652 2814 ·
692 2798 752 2848 Her.
772 2795 797 2859 3,
816 2794 840 2859 3,
857 2793 891 2847 46
910 2795 988 2862 (406).

286 2889 363 2936 Faber
375 2891 412 2934 eet
425 2895 480 2934 suae
493 2885 595 2946 quisque
606 2883 723 2931 fortunae.
746 2885 841 2930 Armua
855 2897 893 2948 ap.
904 2883 1025 2932 Patero-

556 2969 631 3016 Sani.
650 2969 683 3016 (ιε4
697 2969 749 3017 ord.
769 2977 820 3030 rep.
841 2965 863 3028 1,
884 2965 905 3015 l.
924 2971 946 3031 ξ.
965 2965 993 3019 2.’

490 3047 500 3070 0
