2596 3532
629 411 646 462 5

293 589 361 636 Nihil
376 591 426 636 tam
443 585 552 634 acerbum
571 589 621 644 est,
644 584 670 630 in
694 597 741 642 quo
765 597 813 630 non
831 594 921 640 aequus
939 581 1036 628 animus

243 673 355 721 solatium
371 671 496 750 inveniat
521 661 580 732 Sem.
599 669 629 716 de
647 673 746 730 trenqe.
766 663 806 726 10,
825 663 848 714 4.

294 757 413 806 Medicina
441 755 584 804 calamitatis
614 756 651 801 cst
677 752 856 812 aequanimitas.
907 750 934 798 P.
966 749 1033 797 Sum

857 839 919 884 sent.
938 829 997 883 287.

541 939 591 989 Aea
610 939 735 986 alienum.

191 1056 194 1060 ’
293 1048 340 1093 Aes
358 1045 488 1094 debitorem
506 1045 565 1103 leve,
583 1056 653 1103 grave
670 1041 793 1088 inimicum
809 1039 874 1088 iacit.
910 1039 938 1086 P.
966 1040 1032 1087 Sunt

889 1127 950 1172 sent.
972 1119 996 1171 8.

293 1216 403 1262 Alienum
420 1227 460 1260 aas
478 1213 570 1260 homini
586 1213 689 1272 ingenuo
707 1210 789 1258 acerba
807 1212 844 1258 est
862 1208 972 1256 servitus.
1002 1208 1033 1255 P.
1091 1224 1094 1232 ·

793 1295 857 1342 Sum
875 1297 935 1341 sent.
955 1287 996 1339 10.

534 1465 539 1476 Ι
592 1397 681 1444 Aetas.

292 1521 340 1568 Ubi
356 1522 437 1578 peccat
455 1521 520 1565 aetas
537 1516 621 1576 major,
639 1516 699 1562 male
717 1514 789 1562 discit
805 1515 890 1562 minor.
920 1515 947 1560 P.
965 1514 1030 1561 Suae

856 1602 917 1647 cent.
936 1594 994 1646 491.

597 1685 707 1734 Transiet
723 1688 795 1732 actas.

327 1772 460 1832 quamcito
478 1785 526 1818 non
547 1771 626 1830 segnis
644 1773 693 1817 etat
709 1772 845 1829 remeatque
862 1768 925 1815 dies!
961 1797 962 1801 =

293 1872 364 1918 quam
381 1857 428 1904 cito
445 1870 578 1914 purpureos
598 1853 706 1912 deperdit
717 1858 786 1904 terra
804 1855 902 1913 colores,

250 1925 252 1929 Ι
327 1955 398 2002 quam
415 1941 462 1989 cito
479 1939 597 1986 formosas
614 1939 718 1998 populna
735 1939 789 1986 alba
807 1938 898 1986 comas!
918 1939 1029 1984 Tmunc.

704 2038 778 2072 carm.
798 2021 821 2084 1,
839 2019 864 2083 4,
881 2018 989 2072 27-30.
1054 2065 1056 2074 .

292 2111 412 2159 Utendum
429 2112 466 2156 est
483 2112 566 2156 aetate.
585 2109 633 2156 cito
650 2108 709 2167 pade
725 2109 815 2155 labitur
832 2112 905 2168 aetas,

326 2209 369 2243 nac
390 2196 453 2242 bona
475 2197 524 2241 tam
548 2194 670 2253 seqnitur,
695 2207 765 2252 qnam
787 2194 851 2240 bone
872 2193 949 2251 prima
972 2193 1030 2242 fuit.

635 2278 709 2326 Ovm.
729 2283 777 2326 art.
797 2293 845 2326 um.
863 2275 888 2338 3,
906 2272 939 2327 65
956 2293 991 2340 sq.

292 2365 393 2414 Labitur
409 2364 500 2412 occulte
516 2361 627 2421 fallitque
643 2363 748 2410 volatilis
766 2367 839 2423 aetas,

292 2453 316 2497 et
332 2450 393 2497 nibil
411 2453 448 2496 est
465 2449 533 2496 annis
550 2449 662 2495 velocius.
699 2448 773 2496 Ovrn.
792 2453 848 2497 met.
868 2443 909 2509 10,
926 2443 977 2498 519
989 2462 1028 2510 sq.

291 2533 392 2584 Labitur
408 2535 499 2580 occulte
515 2532 626 2593 fallitque
642 2532 754 2580 volubilis
772 2537 845 2593 aetas,

325 2621 353 2666 ut
378 2619 440 2666 celer
465 2617 577 2664 admissis
603 2617 693 2664 labitur
721 2618 797 2664 amnis
825 2619 901 2678 aquis.
949 2617 1029 2665 Ov1n.

728 2717 802 2750 amor.
822 2701 844 2762 1,
854 2700 887 2762 ’8,
905 2699 939 2751 49
955 2718 990 2766 sq.

292 2788 375 2836 Aetate
386 2786 473 2845 imore,
485 2785 569 2832 mobili
581 2801 652 2832 cursu
662 2786 732 2846 fugit.
747 2824 749 2829 .
768 2788 826 2834 San.
846 2787 949 2850 Hippot.
966 2785 1028 2838 446ἥ

291 2872 446 2920 Senescimus.
465 2871 548 2932 effugit
564 2877 636 2919 aetas.

290 2959 356 3004 utere
373 2970 426 3003 vare
443 2959 492 3004 tuo.
528 2958 625 3003 Aeson.
646 2958 724 3017 epigr.
744 2952 784 3015 13,
802 2953 815 3004 1
835 2972 872 3018 aq.
