2596 3532
608 413 640 466 13

277 555 457 647 Theophrastus
483 585 572 632 dieitur
597 585 701 634 dixisse:
729 585 868 632 ‘Prudentia
891 599 943 632 esse
964 586 1019 633 effi-

227 675 290 722 eium
306 672 436 721 amicitiam
452 670 578 728 probatam
595 673 719 731 appetere,
744 685 793 717 uon
815 670 945 728 appetitam
962 686 1019 730 pro·
1108 672 1111 676 ’

200 747 203 753 ’
226 756 300 806 bare!
335 759 428 814 Runa.
447 755 509 804 Lm.
528 756 559 804 de
570 754 618 817 fig.
636 759 697 804 aaut.
717 753 740 803 l.
759 758 782 817 ξ.
801 753 825 804 6.

278 841 353 890 Nemo
370 841 512 902 flagrantius
529 840 660 888 amicitiam
677 840 743 899 eolit,
761 853 832 920 quam
850 839 891 898 qui
907 839 1021 887 irascitur

227 927 393 988 negligentiae.
431 928 568 974 smmum.
587 925 660 986 epist.
678 921 703 982 4,
721 919 762 970 21.

441 1093 446 1099 -
483 1063 571 1115 Amor,
589 1060 640 1108 vid.
659 1057 760 1108 Amare.

497 1159 500 1164 ·
565 1143 683 1192 Animus.

279 1233 315 1279 Tu
333 1232 354 1278 si
371 1231 476 1278 animum
493 1229 574 1277 vicisti
595 1229 677 1287 potius
703 1243 774 1288 quam
800 1231 893 1276 animus
917 1231 955 1290 te,
982 1232 1019 1276 ast

670 1314 735 1373 quod
755 1313 865 1374 gaudeas.

557 1397 654 1444 Pauus.
679 1399 749 1446 Tria.
768 1397 793 1460 2,
810 1396 836 1460 2,
853 1397 886 1449 29
904 1396 984 1464 (310).
1055 1406 1057 1410 ’

430 1483 544 1530 Auinmm
560 1497 623 1542 rege,
642 1483 684 1542 qui
701 1483 749 1529 nisi
766 1487 842 1544 paret,

228 1571 341 1628 imperat3
359 1570 422 1618 hune
439 1567 523 1628 frenis,
539 1569 603 1615 huna
620 1571 648 1614 tu
665 1583 786 1626 compesce
804 1573 893 1616 eatena.
915 1570 1017 1616 Hoasu.

721 1654 793 1714 epist.
813 1650 836 1713 l,
854 1649 879 1714 2,
897 1650 931 1702 62
947 1669 983 1716 aq.

281 1739 386 1798 eoelum,
404 1753 452 1785 non
469 1737 582 1798 animum,
600 1740 693 1786 mutant
710 1739 752 1796 qui
760 1741 828 1784 trans
837 1753 901 1784 mare
911 1741 1017 1785 currunt.

631 1821 731 1868 Hesus.
749 1823 821 1887 epist.
840 1818 864 1884 1,
884 1818 924 1883 11,
942 1818 984 1871 27.

281 1906 313 1954 Ut
330 1920 416 1964 corpus
433 1905 546 1966 redimas,
563 1905 654 1952 sermm
670 1905 770 1964 patieris
788 1910 811 1954 et
828 1907 905 1967 ignes,

315 1990 381 2038 arida
399 2005 440 2037 nee
458 1991 543 2038 sitiens
561 2005 603 2037 era
619 1989 710 2036 levabis
727 2004 796 2050 aqua.

280 2074 312 2122 Ut
329 2076 408 2122 valeas
426 2075 513 2135 animo,
531 2053 661 2134 quidquam
678 2076 779 2122 tolerare
802 2076 915 2136 negabis?

314 2160 346 2207 At
362 2159 466 2218 pretium
482 2173 538 2218 pars
556 2161 612 2206 haec
630 2174 728 2217 corpore
745 2161 822 2221 majus
834 2160 912 2208 habet.
941 2160 1017 2208 omn.

719 2259 777 2292 rem.
797 2258 845 2292 am.
864 2240 915 2293 229
932 2259 983 2307 sqq.

514 2325 624 2378 Animas
642 2328 733 2377 benus.

281 2430 363 2477 Bonus
381 2430 474 2476 animus
491 2429 517 2476 in
534 2430 597 2476 male
607 2443 633 2476 re
646 2427 771 2476 dimidium
784 2433 821 2476 est
835 2431 900 2477 mali.
919 2431 1017 2476 Puauu.

658 2515 758 2564 Pseud·
769 2512 792 2574 1,
810 2511 835 2574 5,
853 2509 885 2562 37
905 2510 983 2576 (454).

282 2600 310 2646 In
333 2613 358 2644 re
380 2599 443 2646 mala
459 2599 538 2646 animo
556 2599 578 2645 ei
595 2598 657 2645 boue
677 2601 756 2657 utare,
778 2597 882 2659 adjuvat.
919 2599 1017 2644 Peius.

695 2681 767 2744 Capi.
785 2678 810 2743 2,
829 2678 852 2743 1,
870 2680 887 2732 8
905 2679 983 2746 (202).

519 2783 618 2834 Annus.
654 2785 733 2832 Anni.

282 2887 301 2936 0
320 2887 379 2933 mihi
396 2886 538 2944 praeteritos
555 2885 644 2932 reserat
661 2886 683 2932 si
700 2887 812 2945 Juppiter
828 2886 917 2932 anuos!
942 2885 1018 2931 Vnae.

805 2973 866 3020 Aen.
884 2967 909 3030 8,
927 2965 984 3019 560.
