2596 3532
643 437 677 490 32

314 619 396 664 Bonus
408 614 498 662 fruitur
510 613 573 660 bone
585 611 739 660 conscientia.
763 611 823 658 sni.
837 611 866 659 de
876 625 935 660 mor.
949 624 988 660 no.
1003 607 1060 660 134.

316 699 468 750 Conscientia
491 699 550 745 hene
575 700 641 744 setae
669 696 732 743 vitae
759 697 936 756 multorumque
963 695 1036 743 benef
1050 721 1061 731 ·

263 791 355 835 storum
372 783 507 832 recordatio
522 782 699 844 jucundissimo
716 785 761 828 est.
789 780 841 829 Cic.
860 781 890 829 de
901 789 990 829 senece.
1001 775 1025 840 3,
1036 777 1060 829 9.

315 869 467 918 Conscientia
489 873 567 915 rectae
589 866 721 913 voluntatis
744 865 848 912 maxime
869 865 1002 913 consolatio
1024 869 1062 912 est

263 970 344 1003 rerum
361 953 572 1002 incommodarum.
609 951 663 998 Cic.
681 951 753 1011 epist.
773 950 806 997 od
818 949 888 1012 sam.
908 947 932 1010 6,
950 947 974 1009 4,
993 946 1016 998 2.

319 1042 406 1087 vacere
424 1039 494 1096 eulpa
511 1050 623 1096 magnum
641 1037 677 1080 est
698 1035 818 1081 solatium.
855 1034 908 1081 Cic.
932 1035 1008 1096 epist.
1028 1036 1061 1082 ad

821 1117 894 1180 sam.
913 1115 937 1179 7,
955 1115 979 1179 3,
1000 1114 1025 1167 4.

317 1207 438 1260 Quaenam
456 1219 548 1253 summe
565 1203 637 1250 boni?
657 1204 725 1250 Mens
743 1217 803 1262 quae
821 1203 869 1250 sibi
886 1203 981 1250 conseia
993 1203 1059 1252 recti.

554 1290 651 1334 Aeson.
669 1293 732 1349 sept.
750 1289 858 1349 sapient.
877 1292 939 1336 sent.
959 1285 982 1348 1,
1002 1285 1025 1336 1.

588 1441 741 1488 consilium.

317 1547 408 1594 Melum
425 1547 462 1590 est
480 1543 622 1601 eonsilium,
647 1541 711 1601 quod
735 1542 824 1589 mutari
843 1557 891 1588 non
908 1545 996 1600 potest.
1031 1540 1059 1587 P.

806 1627 869 1672 Sim
887 1631 948 1675 sent.
966 1623 1024 1674 282.

319 1715 395 1769 Quem
413 1713 527 1759 miserum
544 1713 589 1771 est,
606 1711 649 1758 ubi
667 1710 794 1758 eonsilium
812 1725 868 1758 casu
885 1711 1001 1759 vincitur!
1031 1709 1059 1757 P.

804 1797 868 1844 Sim
886 1801 946 1844 sent.
965 1789 1024 1844 404.

318 1884 417 1942 Semper
434 1881 560 1930 eonsilium
578 1886 635 1929 tuno
653 1881 727 1940 deest,
746 1895 819 1939 quum
831 1895 891 1938 opus
903 1883 939 1927 est
950 1880 1060 1926 maxime.

755 1967 782 2012 P.
802 1968 867 2015 sem
885 1969 947 2013 sent.
966 1959 1024 2012 464.

319 2054 394 2100 Velox
412 2051 538 2099 consilium
557 2051 667 2110 sequitur
683 2050 838 2109 poenitentia.
874 2051 902 2098 P.
917 2050 980 2096 Sint
996 2053 1058 2098 sent.

965 2130 1023 2184 492.

318 2221 373 2268 Non
391 2223 489 2267 eventus
507 2220 622 2278 imputari
639 2220 709 2268 debet
726 2221 841 2281 cujusque
863 2219 912 2278 rei,
937 2219 979 2265 sed
1002 2233 1059 2266 eon·

269 2305 358 2352 silium.
396 2305 454 2351 Snn.
473 2309 577 2352 controv.
597 2300 614 2351 5
632 2301 695 2368 (10),
713 2300 755 2354 32.
774 2307 797 2366 ς.
817 2301 856 2352 11.

206 2415 242 2440 ,ι
320 2390 408 2436 Verum
426 2388 565 2448 eonsilium,
592 2389 656 2448 quod
677 2389 748 2435 initio
767 2387 851 2435 auditu
868 2401 938 2447 greve
961 2391 1009 2447 est,
1033 2389 1059 2434 in

268 2477 391 2533 posterum
414 2474 509 2533 cognite
532 2474 637 2520 utilitate
660 2473 688 2524 fit
707 2471 846 2534 jucundum.
882 2473 1057 2520 Runii..Ln1².

710 2557 739 2605 de
751 2556 801 2620 fig.
818 2561 879 2604 sent.
897 2551 922 2605 2.
940 2559 963 2618 ξ.
985 2553 1022 2605 19.

320 2644 410 2691 Melum
433 2643 560 2690 consilium
582 2643 714 2690 consultori
740 2641 871 2701 pessimum
897 2645 941 2688 est.
978 2641 1059 2690 Geni.

268 2733 333 2777 noct.
351 2729 430 2776 Attio.
449 2723 474 2787 4,
493 2721 551 2787 5,ss
576 2725 622 2791 (os.
642 2726 741 2774 Hesiod.
766 2741 804 2784 op.
830 2731 853 2773 et
871 2725 928 2772 dier.
947 2721 1010 2774 249:
1041 2716 1057 2785 ἡ

269 2809 301 2860 δὲ
319 2803 388 2873 κακὴ
405 2801 489 2873 βουλὴ
508 2809 547 2873 τῷ
563 2799 748 2873 βουλεύσαντι
766 2811 901 2870 κακίστη).

320 2898 350 2943 In
371 2895 442 2943 rebus
466 2896 557 2954 asperis
580 2898 603 2942 et
626 2895 692 2942 tenui
720 2910 762 2954 spe
790 2895 923 2943 fortissimo
953 2909 1058 2954 quaeque

268 2981 368 3029 consilia
386 2981 509 3029 tutissime
526 2984 590 3030 sunt.
626 2979 682 3027 L1v.
702 2979 760 3028 nist.
778 2976 820 3038 25,
838 2976 879 3036 38,
899 2975 937 3028 18.
