2608 3524
622 381 672 435 117

301 558 371 604 Nihil
388 562 437 606 tum
455 561 546 608 certum
564 561 601 606 eet
619 571 689 617 quem
707 557 752 604 otii
763 557 822 604 vitio
836 555 932 617 nogotio
946 552 1044 601 discuti.

753 643 814 690 Sem.
833 643 907 704 epist.
926 637 967 699 56,
986 635 1009 688 9.

302 728 383 774 Otium
400 730 452 776 sine
469 730 547 777 literis
565 744 630 776 mors
648 733 685 777 est
697 731 720 776 ot
732 728 836 776 hominis
849 728 898 775 vivi
910 725 1041 784 sepultura.
1133 739 1135 742 ·

751 815 813 862 Sum.
831 813 905 874 epist.
924 805 966 871 82,
984 805 1009 858 3.

299 897 396 946 Varium
419 913 512 958 sempor
536 899 594 946 dont
616 899 666 946 otia
682 902 793 946 montom.
829 898 927 944 Locum.
948 894 1041 944 Pharo.

905 979 930 1039 4,
950 977 1008 1030 704.

299 1069 450 1126 Tempestive
474 1068 554 1128 quies,
581 1069 658 1129 major
684 1072 739 1128 poet
766 1069 815 1115 otio
841 1069 927 1116 virtue.
964 1069 1041 1116 Suum

805 1153 861 1200 sito.
880 1148 905 1211 4,
922 1148 948 1212 4,
966 1147 1007 1201 33.

583 1239 709 1300 Pepyrun.

297 1341 392 1402 Popyro
415 1343 510 1390 constet
531 1341 702 1388 immortalitas
719 1339 851 1386 hominum.
887 1341 961 1386 Pmrt.
988 1341 1043 1387 mat.

695 1424 752 1474 tot.
773 1421 864 1484 13,11
884 1421 947 1487 (21),
967 1418 1007 1472 m.

502 1563 602 1611 Parent
622 1560 779 1626 (Parentes).

295 1663 366 1709 Amos
384 1667 519 1726 parentem,
544 1665 565 1711 si
584 1679 673 1724 aequus
692 1667 740 1712 eet:
769 1663 789 1709 si
807 1663 885 1722 alitor,
903 1661 974 1708 toras.
1011 1661 1039 1707 P.

802 1749 868 1796 Srnr
885 1750 946 1794 sent.
966 1740 1006 1792 18.

448 1834 577 1882 Parentum
595 1838 632 1882 est
649 1834 699 1882 vite
716 1833 771 1880 vilis
789 1832 881 1892 liberis,

293 1917 335 1964 ubi
352 1919 445 1966 malunt
462 1920 537 1966 metui
559 1934 630 1978 quem
654 1919 730 1965 vereri
750 1933 775 1964 ee
795 1919 824 1965 eb
843 1916 901 1963 suis.
936 1916 1040 1964 Arnim.

785 2017 844 2050 com.
855 2000 898 2064 J'r.
917 1995 951 2050 33
969 2013 1005 2062 ep.

293 2087 368 2148 Virgo
387 2091 459 2148 atquo
476 2089 563 2134 mulier
580 2089 647 2136 nullo
665 2088 719 2148 orit,
738 2087 797 2146 quin
815 2087 848 2134 sit
865 2087 936 2146 mala,
1060 2067 1065 2076 ¹

293 2185 353 2230 queo
370 2175 466 2230 praeter
483 2173 561 2231 eopiot
579 2187 651 2232 quam
668 2174 747 2230 pleoet
758 2172 906 2230 perentibus.
937 2171 1040 2217 Porum

653 2259 723 2306 Pers.
742 2254 766 2316 3,
786 2255 810 2317 1,
828 2251 863 2306 38
882 2252 953 2320 (365)
969 2270 1006 2317 sq.

293 2341 400 2389 Probum
417 2345 511 2400 petrem
530 2356 581 2389 osse
600 2345 703 2402 oportet,
723 2343 765 2401 qui
784 2345 882 2401 gnatum
901 2357 971 2388 suum

292 2440 344 2472 esse
361 2427 500 2484 probiorem
520 2441 592 2486 quom
609 2428 678 2485 ipsus
696 2426 780 2480 fuerit,
788 2427 902 2484 postulet.
939 2427 1040 2474 Puer.

631 2512 721 2560 Pseud.
741 2509 765 2572 l,
783 2507 808 2571 5,
827 2507 861 2559 23
879 2507 951 2573 (438)
969 2525 1006 2572 sq.

291 2595 440 2642 Faciundum
458 2599 495 2642 est
513 2596 583 2643 nobis
597 2595 661 2656 quod
673 2599 784 2654 parentes
794 2597 921 2654 imperent.
941 2596 1042 2642 PLAvr.

778 2680 859 2728 setct.
878 2678 903 2740 1,
923 2677 947 2740 1,
965 2674 1007 2726 54.

292 2764 370 2826 Sagex
387 2769 515 2825 parentum
532 2769 570 2813 est
587 2780 651 2813 oure.
690 2765 750 2812 Sem.
769 2766 877 2826 Hippot.
897 2761 955 2812 152.

290 2851 407 2899 Parentes
425 2851 595 2912 objurgatione
613 2849 680 2910 digni
699 2852 770 2910 eunt,
789 2851 832 2910 qui
849 2847 1045 2896 noluntliberos

239 2949 296 2982 euos
314 2949 396 2984 severe
413 2938 466 2996 lege
483 2936 606 2994 pmfioere.
642 2935 759 2982 Pmrnom.
778 2940 856 2997 satyr.
875 2929 901 2994 4,
920 2931 943 2982 1.
