2596 3532
610 433 644 484 23

227 605 314 654 sedin
331 606 385 664 ipsc
404 604 484 652 dantis
502 608 544 653 aut
561 604 672 654 facientis
689 607 777 655 anime.
814 608 874 656 sni.
896 610 926 658 de
945 610 1025 674 benef.

883 692 905 754 1,
923 692 948 755 6,
968 693 990 744 1.

280 777 407 836 Ingratum
425 778 461 822 est
478 774 628 834 beneficium,
646 774 712 836 quod
724 774 766 824 diu
778 776 841 824 inter
851 792 935 828 manus
946 779 1027 829 dantis

229 861 320 920 haesit,
344 859 409 920 quod
432 860 487 920 quis
511 873 581 920 aegre
599 858 721 907 dimittere
738 859 805 907 visus
823 867 901 911 estet
918 864 953 912 sic
971 864 1027 913 dere

228 949 350 1006 tamquam
367 945 507 1003 eriperetur.
544 944 603 992 ens.
622 943 653 992 de
670 942 753 1007 benef.
771 941 796 1005 2,
815 943 839 1006 1,
858 943 873 995 1
892 944 936 1010 (2).

282 1029 427 1078 Gratissima
444 1032 500 1076 sunt
516 1027 632 1076 beneficia
648 1031 741 1086 parate.
758 1027 847 1090 facilia,
868 1036 1026 1095 occurrentia,

229 1116 272 1162 ubi
289 1116 356 1162 nuile
373 1128 440 1161 mora
457 1112 505 1162 init
522 1113 571 1160 nisi
587 1113 613 1160 in
631 1113 771 1171 accipientis
788 1117 937 1164 verecundia.
966 1120 1025 1168 Sere.

738 1197 768 1246 de
786 1198 861 1260 benef.
880 1196 905 1261 2,
924 1199 947 1263 1,
966 1197 990 1251 3.

283 1284 366 1334 Omnis
389 1282 526 1343 benignitas
549 1283 662 1340 properat
683 1285 707 1329 et
728 1283 854 1341 proprium
871 1289 908 1334 cst
924 1286 1027 1336 libenter

230 1369 342 1417 facientis
360 1369 408 1416 cito
425 1367 510 1416 faeere.
547 1367 608 1414 Sar.
626 1366 657 1414 de
674 1365 748 1428 Mures.
767 1364 792 1427 2,
810 1364 835 1429 b,
852 1364 877 1418 4.

283 1454 429 1502 Beneficium
446 1466 494 1499 non
512 1455 549 1499 est
566 1452 634 1513 cujus
652 1451 704 1498 eine
721 1452 808 1500 rubore
825 1455 962 1504 meminisse
979 1471 1027 1505 non

232 1553 339 1598 possum.
376 1539 434 1586 Sere.
452 1536 483 1585 de
500 1534 581 1599 benef.
599 1533 624 1597 2,
642 1532 667 1597 8,
685 1533 709 1585 2.

284 1623 349 1671 Haec
365 1621 476 1671 beneficii
501 1621 565 1669 inter
588 1620 649 1668 duos
666 1623 706 1668 lex
723 1625 775 1670 est:
803 1623 865 1670 alter
882 1625 964 1672 statim
982 1625 1025 1673 cb-

233 1708 313 1756 livieci
341 1707 411 1754 debet
441 1705 505 1766 dati,
532 1706 593 1754 alter
618 1706 710 1764 accepti
736 1720 872 1768 numquam.
909 1710 969 1757 sna.
997 1709 1026 1758 de

770 1792 846 1851 benef.
864 1787 889 1852 2,
909 1789 949 1853 10,
966 1789 990 1842 4.

286 1876 401 1941 Beneficii
418 1876 509 1934 accepti
519 1889 648 1935 numquam
660 1880 755 1934 oportet
771 1877 890 1937 oblivisci,
908 1877 958 1924 dati
969 1893 1026 1937 pro·

232 1962 308 2012 tinne.
345 1963 405 2010 sin.
423 1961 454 2010 dc
470 1974 530 2010 mar.
550 1975 588 2010 uc.
606 1955 648 2010 67.

285 2047 322 2094 Tu
337 2046 397 2094 bene
415 2046 437 2092 si
454 2045 513 2105 qnid
530 2045 613 2106 iacias,
631 2059 679 2092 nen
696 2045 833 2093 meminisse
849 2045 887 2093 iae
904 2049 949 2093 est

240 2187 243 2194 y
289 2131 353 2186 Quae
371 2129 493 2178 benefecta
510 2129 621 2190 accipies,
638 2134 753 2188 perpetue
776 2133 901 2179 memento.
928 2131 1026 2187 Ausere.

600 2215 651 2263 tud.
672 2218 735 2276 cept.
753 2215 860 2276 captent.
879 2211 904 2276 6,
921 2211 939 2264 4
955 2231 991 2279 eq.

288 2299 335 2354 Qui
354 2300 419 2368 dedit
436 2300 577 2347 beneficium
593 2302 678 2370 taceat,
696 2303 777 2348 narret
794 2299 836 2359 qui
852 2300 949 2358 accepit.
967 2301 1026 2350 Sere.

721 2384 750 2432 de
767 2383 847 2447 benef.
865 2381 890 2445 2,
910 2381 950 2444 11,
968 2382 992 2433 2.

289 2467 335 2522 Qui
353 2474 419 2530 grate
436 2470 576 2517 beneficium
593 2470 689 2530 accipit,
702 2469 804 2528 primam
821 2469 872 2530 ejus
889 2469 1028 2528 pensionem

236 2555 317 2603 solvit.
354 2555 414 2602 Suu.
432 2554 461 2602 de
480 2553 555 2613 benef.
573 2549 598 2612 2,
615 2550 649 2602 22
666 2558 728 2602 eutr.

289 2639 434 2687 Beneficium
452 2639 493 2699 qni
512 2638 552 2686 dat
570 2639 621 2686 vult
638 2638 716 2696 excipi
733 2641 806 2698 grate.
843 2637 1027 2698 sendebcnes.

866 2719 891 2782 2,
909 2719 950 2782 31,
969 2718 992 2769 3.

290 2810 344 2857 Non
361 2807 450 2855 reterre
466 2797 589 2854 beneficiis
607 2807 708 2868 gretiam
732 2809 756 2853 et
780 2810 816 2853 est
839 2809 908 2865 turpe
926 2811 948 2854 et
966 2805 1029 2864 apud

238 2907 321 2941 omnes
338 2893 446 2940 habetur.
483 2892 540 2940 Sne.
559 2892 589 2940 de
607 2891 686 2954 tenes.
704 2887 729 2952 3,
748 2888 772 2951 1,
791 2889 814 2939 1.

293 2979 409 3026 Generosi
420 2977 493 3024 enimi
505 2981 542 3024 est
559 2980 583 3024 et
600 2976 721 3036 magnifici
735 2977 827 3038 juvare,
845 2975 968 3034 prodesse:
987 2974 1029 3034 qui
