2608 3524
602 431 652 486 143

282 605 336 651 Heu
358 618 429 664 quam
451 604 550 652 difficile
573 608 610 653 est
633 606 722 653 crimen
746 621 794 653 non
816 606 917 664 prodere
940 607 1025 654 vultu!

718 691 794 738 evm.
813 695 870 743 met.
887 689 912 753 2,
929 687 988 740 447.

282 775 329 820 Ars
347 777 384 823 est
401 775 513 834 captandi
530 775 595 835 qued
612 776 675 822 nelis
693 777 753 824 velle
770 777 853 824 videri.
889 777 1021 824 Meam.

747 861 827 924 epigr.
846 858 887 924 11,
905 855 946 923 55,
964 857 989 910 3.

282 963 360 1021 Turpe
378 966 415 1012 ast
432 963 498 1010 aliud
515 963 590 1023 loqui,
608 963 675 1010 aliud
693 965 795 1011 sentire:
826 966 914 1023 quanto
926 963 1025 1022 turpius

230 1047 297 1094 aliud
314 1048 425 1110 seribere,
443 1047 510 1096 aliud
528 1048 625 1096 sentire.
662 1049 721 1096 sm.
739 1050 811 1110 epist.
829 1043 872 1110 24,
890 1044 924 1097 18
941 1044 1004 1112 (19).

564 1185 691 1234 sociatae,

281 1285 418 1346 Numquam
435 1290 472 1334 eat
489 1287 568 1334 fidelis
586 1301 639 1334 eum
656 1288 754 1346 potente
767 1287 876 1334 societas.
906 1287 1025 1332 Paeana.

823 1371 862 1419 ab.
882 1367 894 1417 1
923 1367 940 1420 5
967 1367 990 1418 1.

234 1489 238 1496 .
282 1455 353 1503 Salva
377 1470 430 1503 esse
454 1457 556 1504 sociatae
580 1457 630 1504 nisi
655 1455 765 1504 custodia
782 1371 905 1504 etfamore’
919 1406 1027 1514 pdrtium

229 1553 278 1587 non
295 1543 383 1598 potest.
420 1541 481 1589 Sam.
501 1541 531 1590 de
548 1541 590 1589 ira
608 1538 632 1602 2,
651 1537 693 1602 31,
713 1536 735 1588 7.

560 1677 697 1725 solatium.

281 1779 319 1824 Ex
336 1779 428 1837 praemi
450 1793 492 1838 spe
514 1780 606 1827 laboris
630 1779 658 1826 fit
676 1778 797 1826 solatium.
832 1777 861 1824 P.
884 1778 948 1826 Sim
965 1780 1029 1825 sent.

282 1949 377 1996 Grande
400 1949 515 1998 solatium
541 1951 578 1996 eet
604 1963 658 1997 eum
683 1947 795 1995 universo
821 1947 883 2006 rapi.
920 1946 980 1994 Sam.
999 1947 1030 1994 de

752 2033 850 2095 provid.
869 2026 894 2094 5,
912 2027 929 2079 6
947 2028 994 2094 (8).

280 2134 349 2181 Nihil
367 2138 417 2182 tam
435 2135 546 2182 acerbum
564 2138 615 2194 eat,
640 2135 666 2182 in
689 2149 736 2194 quo
760 2149 809 2181 non
827 2148 917 2193 aequus
934 2132 1030 2180 animus

230 2219 343 2266 solatium
361 2219 476 2268 inveniat.
514 2219 574 2269 Sam.
595 2220 625 2268 de
643 2225 745 2282 tranpu.
765 2215 807 2281 10,
824 2215 849 2267 4.

284 2322 359 2380 Saepe
383 2322 529 2370 calamitatis
552 2323 666 2370 solatium
689 2325 726 2369 est
748 2335 820 2368 nosse
842 2323 932 2367 sortem
954 2333 1030 2367 suam,

459 2407 541 2456 Ceae.
560 2407 590 2456 de
608 2411 668 2468 gest.
688 2407 759 2456 Alea.
777 2400 802 2466 4,
822 2401 855 2454 10
873 2400 936 2467 (42),
954 2399 995 2452 26.

562 2541 695 2590 sollertia.

435 2643 507 2698 Quod
524 2645 656 2691 multorum
674 2643 738 2705 fugit
755 2641 951 2702 imprudentiam,

282 2729 354 2776 unius
377 2730 483 2776 hominis
506 2729 614 2788 repperit
635 2729 751 2776 sollertia.
786 2728 908 2774 Paeana.
925 2723 988 2788 fab.
1007 2722 1034 2787 4,

866 2807 891 2868 5,
909 2805 944 2858 48
961 2825 996 2871 sq.

282 2898 380 2947 Omnia'
403 2899 511 2946 conando
547 2897 633 2946 docilis
664 2897 773 2946 sollertia
802 2897 885 2944 vineit.
932 2895 1033 2943 Mamm.

793 2984 895 3030 Astron.
915 2976 939 3041 1,
957 2975 998 3028 95.
