2608 3524
644 373 695 427 118

614 549 717 597 Pasira.

320 648 411 695 Parare
429 649 490 696 scira
508 664 552 708 par
573 651 674 710 imperio
696 651 835 712 gloriaest.
871 649 899 697 P.
919 649 983 697 sm
1000 653 1061 698 sent.

969 729 1028 783 356.

580 819 753 868 Parsimonia.

321 919 340 966 0
368 919 393 966 di
419 921 581 969 immortales!
617 936 665 969 non
690 922 831 983 intelligunt
856 922 965 969 homines
992 936 1063 981 quam

268 1019 382 1072 magnum
399 1007 502 1067 vectigal
519 1007 552 1054 sit
568 1007 723 1066 parsimonia.
754 1006 806 1054 010.
824 1006 917 1068 parad.
936 1003 960 1067 6,
979 1002 1003 1066 3,
1021 1001 1062 1054 49.

320 1107 379 1155 Sara
397 1108 543 1167 parsimonia
561 1109 586 1156 in
604 1108 678 1156 fundo
696 1112 740 1157 est.
769 1108 828 1155 Sim.
847 1108 920 1170 epist.
940 1105 964 1167 l,
982 1103 1000 1156 4
1017 1103 1063 1171 (5).

320 1192 376 1239 Non
394 1194 472 1240 minor
489 1197 525 1241 est
543 1193 629 1254 virtus,
648 1208 719 1253 quam
737 1207 857 1252 quaerere,
875 1195 945 1251 parta
962 1193 1040 1239 tueri:

356 1291 425 1325 nasus
443 1279 506 1326 inest
524 1279 582 1327 illic.
601 1281 647 1326 hoc
665 1278 710 1326 erit
734 1278 794 1326 artis
812 1292 881 1336 opus.
919 1276 994 1324 Ovtn.
1014 1281 1063 1325 art.

833 1357 1029 1424 mzffim

473 1450 533 1496 Plus
551 1451 588 1496 est
606 1463 714 1496 servasse
730 1451 860 1508 repertum,

319 1548 393 1593 qnam
410 1534 532 1594 quaesisse
550 1548 645 1582 novum.
672 1535 818 1581 Onnunmn.
836 1532 866 1580 de
883 1529 951 1580 land.
963 1529 1063 1580 stium.

882 1612 907 1678 2,
926 1612 977 1666 326
992 1631 1030 1679 sq.

618 1705 712 1752 Parva.

321 1806 359 1851 Ex
377 1806 457 1863 parvis
476 1819 545 1863 saepe
562 1821 703 1866 magnarum
720 1809 839 1852 momenta
859 1819 938 1851 rernm
951 1803 1064 1862 pendent.

748 1890 804 1937 Lw.
826 1889 884 1938 hist.
902 1885 944 1950 27,
962 1885 988 1950 9,
1007 1886 1030 1937 1.

319 1992 433 2040 Omnium
455 2007 536 2040 rernm
558 1993 677 2052 principia
699 2007 772 2051 parva
796 1995 862 2040 sunt.
898 1991 949 2038 010.
973 1991 1003 2039 de
1015 1989 1064 2052 fin.

885 2072 910 2138 5,
928 2073 971 2138 21,
988 2072 1029 2126 58.

319 2163 428 2210 Flamma
452 2177 534 2210 recens
558 2178 631 2223 parva
656 2177 739 2222 sparsa
765 2161 857 2210 resedit
882 2175 954 2223 aqna.
989 2160 1064 2208 Omn.

843 2245 893 2296 her.
913 2244 954 2306 17,
973 2241 1030 2295 190.

319 2347 398 2396 Parva
422 2361 493 2407 saepo
522 2350 628 2398 scintilla
654 2351 791 2408 contempta
816 2362 929 2410 magnum
952 2347 1067 2395 excitavit

190 2437 196 2447 ·
264 2431 410 2480 incendium.
448 2433 527 2482 cvm.
545 2436 575 2484 de
593 2439 653 2497 gast.
673 2437 744 2485 Alex.
763 2429 788 2496 6,
806 2429 823 2482 3
841 2430 887 2498 (8),
906 2430 947 2483 11.

593 2571 739 2620 Patientia.

319 2671 402 2718 cuivis
420 2671 499 2719 dolori
516 2673 648 2720 remedium
665 2677 702 2721 est
719 2673 845 2732 patientia.
879 2673 908 2720 P.
923 2672 986 2719 snm
1003 2675 1065 2721 sent.

972 2752 1031 2806 106.

316 2841 400 2902 Feras,
419 2855 467 2888 non
483 2844 576 2902 culpes,
595 2843 660 2903 qnod
676 2844 766 2892 mutari
783 2857 831 2890 non
848 2844 939 2902 potest.
961 2842 990 2890 P.
1001 2841 1067 2888 Snn1

890 2930 953 2976 sent.
973 2921 1031 2976 158.
