2596 3532
648 389 681 442 10

321 567 362 614 Nil
380 579 423 625 ego
443 563 585 612 contulerim
600 561 706 623 jucundo
719 561 883 608 sanusamico.
902 563 1060 611 Housmam.

898 644 922 707 1,
939 643 964 708 5,
984 644 1025 696 44.

323 731 397 784 Quem
415 732 445 779 ad
462 731 558 778 modum
575 731 601 777 in
620 746 645 778 se
663 733 764 790 quisque
782 731 827 790 sit,
852 731 887 778 sic
909 733 936 779 in
959 733 1061 780 amicum

270 819 305 866 sit
326 817 452 864 animatus.
489 817 541 863 010.
561 815 590 863 de
609 815 702 863 cecicit.
722 811 820 872 1457.

320 903 401 949 Donec
419 902 466 948 eris
483 900 549 960 felix,
568 901 657 946 multos
674 899 810 946 numerabis
828 900 929 948 amicos:

354 989 463 1044 tempora
481 987 502 1031 si
519 983 609 1031 fuerint
626 984 716 1044 nubila,
734 985 800 1030 solus
818 985 873 1031 eris.
905 986 978 1034 Ovm.
991 987 1058 1034 trial.

870 1067 893 1130 1,
911 1067 936 1130 9,
955 1067 971 1118 ἵ)
987 1085 1023 1133 aq.

308 1155 415 1208 ,Horrea
433 1153 546 1201 formicae
564 1153 665 1200 tendunt
682 1153 711 1200 ad
728 1154 808 1199 inania
825 1169 961 1214 numquam.

356 1239 444 1286 Nullus
462 1238 492 1284 ad
510 1239 610 1285 amissas
628 1237 674 1285 ibit
691 1238 781 1284 amicus
799 1252 863 1296 opes.
891 1240 974 1286 ⁴Ovis).
993 1241 1057 1288 mist

869 1319 892 1382 1,
911 1319 935 1383 9,
954 1320 970 1372 9
987 1338 1023 1386 sq.

322 1405 374 1458 Qua
390 1411 468 1466 potes,
486 1421 579 1467 excusa,
597 1421 640 1453 nec
658 1406 728 1454 amici
745 1406 826 1454 desere
843 1407 951 1454 causam!

356 1491 408 1546 Quo
420 1491 480 1538 bene
492 1491 601 1550 coepisti,
619 1492 654 1538 sic
665 1491 725 1549 pede
737 1506 830 1550 semper
838 1506 885 1538 eas.
905 1492 980 1539 0v1n.
991 1493 1057 1540 trist.

852 1573 876 1635 1,
894 1571 918 1636 9,
937 1575 970 1625 65
986 1592 1022 1638 sq.

321 1661 399 1718 'impe
417 1660 463 1707 erit
480 1659 505 1706 in
523 1660 617 1706 miseris
634 1661 710 1708 veteri
726 1661 773 1708 tibi
789 1661 860 1708 rebus
880 1661 955 1708 amico

355 1743 470 1790 auxilium
488 1745 553 1792 nulla
569 1749 637 1802 parte
653 1745 739 1792 tulisse
750 1749 825 1793 tuum.
854 1747 929 1794 Ovio.
942 1761 972 1794 ece
983 1747 1055 1795 Pant.

848 1827 871 1889 2,
890 1827 914 1890 6,
936 1827 969 1879 19
986 1847 1022 1893 sq.

322 1913 398 1960 Extra
416 1912 536 1960 fortunam
553 1915 598 1971 est,
617 1912 639 1958 si
656 1913 714 1970 quid
731 1913 834 1961 donatur
851 1916 944 1963 amicis:

357 2011 415 2056 quas
434 1996 536 2058 dederis,
554 1997 618 2044 selas
631 2011 723 2056 semper
735 1998 832 2044 habebis
842 2014 906 2057 opes.
925 2000 1056 2046 Maeuiis.

753 2085 832 2145 epigr.
851 2082 875 2144 5,
893 2080 935 2144 42,
954 2080 968 2132 7
986 2100 1021 2148 sq.

322 2165 401 2225 Hune,
419 2179 489 2224 quem
505 2180 587 2212 mensa
604 2166 658 2227 tibi,
676 2182 745 2226 quem
758 2183 830 2216 coena
840 2169 932 2227 paravit
948 2169 1056 2230 amicum,

357 2263 408 2296 esse
426 2253 496 2308 putas
513 2250 574 2298 fidae
591 2255 673 2308 pectus
691 2252 824 2300 amicitiae?
915 2242 917 2247 ’

322 2335 413 2392 Aprum
430 2339 493 2382 umet
511 2339 535 2382 et
551 2336 638 2382 mullos
656 2339 679 2383 et
697 2351 780 2384 sumen
797 2339 821 2384 et
838 2339 924 2398 ostrea,
942 2352 991 2384 nen
1007 2341 1038 2386 te.

355 2418 413 2465 'l'am
430 2419 489 2466 hene
509 2419 644 2480 sicconem,
662 2423 744 2468 noster
755 2422 844 2470 amicus
855 2422 908 2468 erit.
924 2423 1055 2468 lissima.

240 2521 263 2564 g
742 2507 821 2568 epigr.
841 2503 864 2566 9,
884 2503 924 2566 14,
943 2504 1020 2570 lsqq.

322 2589 417 2636 Amicos
447 2589 562 2636 secundae
591 2605 629 2636 res
658 2593 757 2650 parant,
787 2591 898 2638 adversae
924 2591 1056 2638 certissime

270 2672 379 2730 probant.
413 2673 473 2720 Sus.
492 2674 523 2721 cle
541 2688 598 2721 secor.
617 2688 655 2722 ne.
674 2669 715 2722 51.

322 2757 425 2817 Vulgare
443 2758 513 2805 amici
536 2773 633 2818 nomeu,
652 2758 694 2805 sed
711 2773 765 2805 rara
782 2762 818 2806 est
835 2760 901 2807 fides.
937 2761 1054 2808 Passala.

825 2843 890 2903 'sub¹
910 2841 934 2905 3,
953 2841 976 2905 9,
996 2841 1019 2892 l.

323 2925 349 2974 Si
366 2927 469 2986 aliquem
486 2927 587 2975 amimm
609 2927 744 2988 existimas,
772 2929 810 2976 cui
835 2943 884 2977 nou
907 2930 1054 2978 tantumdem
