2608 3524
622 377 672 430 149

301 553 360 608 Ipsa
378 565 473 611 quoque
490 551 589 600 assidue
607 553 722 598 labuntur
738 553 847 609 tempora
867 554 943 608 motu,

300 649 348 682 non
366 650 434 684 seeus
451 651 478 684 ee
495 638 591 685 flumen.
614 650 690 696 neque
708 637 771 683 enim
793 635 923 683 consistere
944 635 1042 694 flumen,

299 735 342 768 nee
359 721 419 768 levis
436 723 496 768 hore
511 725 599 781 potest.
618 721 660 769 sed
676 725 704 770 ut
720 720 786 769 undu
802 719 935 778 impellitur
952 718 1024 780 uude,

299 809 461 866 urgueturque
478 806 559 854 eedem
576 807 672 854 veniens
690 809 822 866 urguetque
839 806 957 864 priorem:

299 895 408 950 tempere
425 893 460 940 sie
476 891 573 951 fugiunt
589 891 688 950 pariter,
706 889 845 949 pariterque
866 893 1012 950 sequuntur:

300 979 323 1022 et
346 989 407 1024 neve
431 980 488 1024 sunt
511 991 611 1035 semper.
633 991 689 1023 nem
718 974 783 1034 quod
811 975 858 1022 fuit
888 979 955 1032 ente,
985 974 1043 1021 reli-

764 1064 828 1107 etum
846 1063 891 1120 est,

299 1144 390 1206 fitque,
412 1144 477 1205 quod
499 1145 564 1192 haud
586 1145 679 1206 fueret,
704 1149 870 1205 momentaque
892 1147 978 1193 cuneta
1000 1158 1045 1190 no-

797 1233 892 1277 ventur.

657 1315 733 1364 Ovm.
752 1317 809 1362 met.
830 1311 870 1374 15,
889 1310 939 1364 179
956 1328 1008 1375 sqq.

297 1398 402 1458 Tempus
419 1399 480 1447 edex
496 1415 585 1462 rerum,
602 1403 676 1460 tuque
693 1400 813 1448 invidiose
834 1402 950 1460 vetustas,

297 1484 378 1531 omnia
396 1483 532 1546 destruitis,
550 1485 682 1545 vitiataque
700 1486 812 1532 dentibus
830 1484 882 1532 eevi

296 1569 414 1626 paulatim
430 1570 495 1618 lente
512 1571 654 1618 consumitis
672 1571 752 1619 omniu
769 1573 853 1618 morte.
890 1571 966 1618 Ovun.
987 1571 1043 1615 met.

830 1650 871 1714 lb,
890 1649 941 1702 234
959 1669 1010 1716 sqq.

298 1738 381 1786 Etiam
392 1754 462 1788 veros
475 1739 570 1786 dolores
582 1740 678 1800 mitiget
690 1744 793 1798 tempus.
822 1738 945 1792 Qumum.
962 1738 1046 1786 instit.

800 1829 864 1872 erat.
884 1820 909 1885 6,
927 1822 951 1883 1,
969 1817 1010 1871 28.

298 1906 347 1954 Suo
365 1922 472 1968 quaeque
489 1912 596 1968 tempere
612 1909 722 1958 faciende
740 1914 803 1958 sunt.
832 1909 906 1956 Pum.
918 1912 970 1956 reat.
982 1907 1044 1956 hist.

811 1991 852 2053 18,
870 1989 886 2041 6
905 1989 951 2056 18),
968 1988 1010 2040 44.

297 2077 410 2136 Temperi
428 2077 507 2135 aptari
524 2077 599 2126 decet.
636 2080 695 2128 Seu.
716 2079 782 2128 Med.
802 2075 861 2128 175.

295 2161 397 2208 Nullum
420 2161 600 2210 admonendum
623 2167 719 2223 tempus
745 2168 874 2225 angustum
901 2166 939 2210 est
965 2161 1046 2209 mulis.

786 2250 845 2296 Sere.
866 2247 933 2296 Med.
951 2241 1010 2295 292.

298 2313 403 2361 Onulle
419 2315 487 2376 longi
503 2317 620 2375 temporis
641 2317 758 2366 felicitas!
796 2319 855 2365 Suu.
876 2319 967 2376 Agaue.
986 2309 1045 2363 928.

297 2397 383 2446 Omnia
400 2402 495 2458 tempus
513 2401 571 2462 ulit,
589 2405 684 2462 tempus
701 2403 779 2461 repit:
805 2416 864 2448 usus
883 2401 909 2447 in
927 2404 979 2447 erte
998 2401 1043 2445 est.

629 2486 730 2535 Ourue.
748 2487 847 2533 Neues.
866 2483 908 2534 eci.
927 2481 952 2545 4,
972 2479 1013 2531 32.

599 2589 696 2637 Testis.

297 2671 379 2718 Pluris
396 2674 434 2719 est
451 2672 561 2719 oculatus
578 2673 651 2721 testis
670 2689 744 2733 unus,
769 2687 842 2732 quem
866 2673 941 2720 auriti
958 2671 1047 2718 decem.

589 2757 688 2805 Pisum.
716 2757 791 2806 Trea.
810 2755 835 2816 2,
854 2752 879 2818 6,
897 2753 914 2804 9
933 2751 1012 2820 (476).

296 2839 352 2888 Neu
377 2841 436 2888 bene
459 2841 573 2890 conducti
596 2841 703 2890 vendunt
726 2843 833 2902 perjmia
850 2845 934 2890 testes.
971 2841 1050 2889 omn.

769 2941 846 2974 umor.
866 2923 891 2988 1,
911 2923 952 2986 10,
971 2920 1014 2973 37.
