2596 3532
606 390 642 452 59

275 565 381 630 Μοᾱιιω,
392 565 514 622 imponere
532 565 643 614 secundis
661 566 747 627 rebus,
770 583 813 626 neo
837 568 911 626 nirnis
927 570 1023 617 erodere

226 649 350 698 serenitati
366 650 501 708 praesentis
518 649 646 712 fortunae,
663 651 789 709 prudentis
807 653 912 700 hominis
930 656 953 701 at
970 669 1020 702 me·

225 735 273 782 rito
290 734 368 784 feliois
386 738 430 782 est.
466 734 522 782 Lrv.
544 733 603 782 hist.
623 729 664 792 42,
683 731 725 796 62,
742 731 767 784 4.

266 819 362 886 ¹Omnia
378 834 476 868 munera
492 835 506 866 a
523 818 620 867 fortuna
638 835 711 880 quum
734 821 835 891 dantur,
855 823 884 869 ab
904 838 930 870 ea
949 823 1020 872 faoil-

225 905 281 952 lima
298 904 443 954 adimuntur.
479 904 591 952 Viranv.
610 905 640 954 de
659 906 746 956 arolsit.
766 903 790 954 6.
809 905 895 971 praes.
914 910 937 968 ᾖ.
959 904 984 958 3.

277 991 383 1038 Fortuna
399 991 538 1049 plerumque
556 1005 610 1050 eos,
629 1005 689 1049 quos
706 991 819 1050 plurimis
836 992 959 1038 benefieiis
979 1008 1019 1040 or·

226 1077 304 1136 navit,
328 1075 359 1123 ad
380 1074 501 1122 duriorem
523 1089 604 1122 ausum
621 1079 734 1122 reservat.
771 1076 852 1122 Auen.
873 1075 925 1144 eeu.
948 1079 1019 1126 Alam.

230 1155 234 1162 ¹
275 1207 277 1214 ,
897 1157 938 1220 25,
956 1157 980 1210 4.

278 1243 402 1304 Quidquid
419 1243 473 1304 erit,
491 1243 625 1302 superanda
642 1245 720 1308 onmis
740 1244 839 1292 fortuna
856 1246 953 1292 ferendo
971 1250 1017 1294 est.

704 1330 780 1375 V1no.
799 1331 860 1378 Aen.
880 1325 904 1390 5,
917 1323 980 1380 710.

529 1413 594 1460 Bene
610 1413 672 1460 ferro
690 1429 800 1476 magnam

277 1500 341 1548 disee
357 1499 485 1546 fortunam.
520 1497 623 1544 Houor.
643 1512 717 1548 eorm.
737 1495 761 1558 3,
780 1493 821 1558 27,
841 1495 873 1548 74
891 1514 926 1561 sq.

279 1586 385 1632 Fortuna
402 1597 450 1630 non
466 1584 544 1630 mutet
561 1598 642 1643 genus.
679 1583 779 1629 Houor.
798 1583 867 1644 epod.
885 1579 910 1643 4,
928 1581 952 1632 6.

429 1669 483 1728 hou,
502 1668 615 1727 Fortuna,
634 1667 689 1727 quis
707 1670 743 1714 est
761 1667 880 1714 crudelior
896 1668 923 1716 in
939 1683 983 1716 nos

279 1756 305 1800 te
321 1752 393 1800 deus?
412 1753 439 1798 ut
457 1765 548 1810 semper
566 1751 653 1810 gendes
674 1753 775 1800 illudere
792 1753 864 1799 rebus

279 1837 397 1884 humanis.
433 1837 533 1884 Honor.
552 1839 601 1884 sot.
619 1834 643 1897 2,
662 1833 686 1896 8,
704 1834 737 1885 61
754 1853 806 1902 sqq.
911 1897 913 1903 k

431 1921 479 1970 Dat
496 1921 521 1967 id
539 1922 677 1982 cuicumque
698 1922 758 1970 libet
780 1923 878 1972 fortuna
898 1925 1016 1985 rapitque,

315 2007 370 2052 Irus
388 2009 412 2053 et
430 2009 466 2053 est
484 2006 572 2066 subito,
590 2007 631 2066 qui
648 2006 718 2054 modo
737 2007 838 2056 Croesus
856 2013 914 2056 erat.
942 2010 1017 2058 Ovio.

726 2094 791 2140 trist.
811 2091 836 2154 3,
855 2090 879 2154 7,
896 2089 930 2141 41
948 2109 983 2156 sq.

378 2231 380 2236 Ι
434 2177 540 2224 Fortuna
557 2177 684 2224 miser-rins
701 2180 756 2224 tnta
773 2180 821 2224 est:

315 2275 371 2307 nam
381 2261 454 2308 timor
466 2264 562 2309 eventus
575 2261 700 2308 deterioris
713 2262 788 2309 abest.
814 2262 888 2309 0vrn.
903 2277 933 2310 er
949 2263 1018 2310 Pont.

813 2344 838 2407 2,
856 2344 880 2406 2,
898 2341 931 2394 31
949 2361 985 2409 sq.

283 2431 346 2478 Rara
364 2429 459 2488 quidem
476 2431 561 2489 virtus,
579 2445 651 2490 quam
668 2447 716 2479 nou
732 2433 840 2480 Fortuna
861 2432 984 2493 gubernet,

316 2527 376 2574 quae
392 2517 485 2562 maneat
503 2515 586 2563 stabili
603 2531 676 2576 quum
693 2515 756 2576 fugit
773 2517 815 2563 illa
837 2515 905 2576 pede.
943 2517 1018 2564 Ovro.

706 2601 773 2648 trist.
792 2597 818 2660 5,
837 2595 877 2662 14,
896 2597 929 2650 29
946 2615 981 2664 oq.

282 2686 324 2733 Nil
342 2684 399 2732 odeo
416 2683 512 2730 fortuna
529 2684 607 2744 grovis
625 2685 760 2732 miserabile
778 2683 843 2746 feeit,
897 2739 899 2743 ,

317 2771 344 2816 ut
361 2768 470 2814 minuant
486 2768 553 2814 nulla
569 2768 655 2828 gandia
672 2773 740 2828 parte
757 2772 852 2820 malum.
889 2771 963 2819 Orno.
989 2786 1019 2819 or·
1072 2814 1079 2832 ,

696 2859 698 2863 ’
738 2854 811 2902 Perit.
830 2850 855 2914 4,
873 2837 984 2920 4,5sq.
1042 2833 1108 2926 iffi>

284 2939 387 2999 Fragilis
410 2941 434 2985 et
456 2937 542 2986 wduoa
565 2936 668 2986 felicitas
687 2942 722 2986 ost
747 2941 769 2985 et
794 2939 870 2986 omnia
894 2939 1027 3039 blandiens·
1064 2927 1124 3015 *N

867 2993 915 3092 a,
972 3047 979 3080 x
1049 3040 1065 3074 ·.

907 3091 1003 3170 lt·.'
