2596 3532
658 463 690 515 18

326 642 419 688 Avarus
437 639 487 686 nisi
504 611 577 697 (inum
595 636 706 696 moritur,
725 635 759 682 m'l
777 638 841 683 reete
858 634 924 682 facit.
960 634 987 680 P.
1008 635 1073 682 Sim

912 727 975 766 seat.
995 715 1035 766 39.

250 858 256 864 ,
327 811 355 855 ln
373 809 466 854 nuilum
484 822 569 854 avarus
586 806 664 853 bonus
682 807 726 864 est,
745 803 770 850 in
788 817 813 850 se
825 803 952 862 pessimus.
972 803 1072 850 Rsmu

898 892 958 936 sent.
978 884 1035 936 224.

327 987 406 1032 Avaro
429 985 487 1044 quid
510 984 568 1031 mali
592 987 660 1042 optes
687 981 735 1028 nisi
762 981 835 1028 ‘vivat
859 981 925 1028 diu'?
962 981 989 1026 P.
1009 981 1072 1028 Sam

914 1069 975 1112 sent.
994 1060 1035 1113 35.

329 1164 387 1209 Tam
405 1161 471 1208 deest
488 1174 559 1208 avaro
577 1159 642 1218 quod
658 1159 739 1220 habet,
757 1173 827 1218 quam
844 1159 909 1218 quod
925 1173 973 1204 non
991 1157 1071 1204 habet.

770 1243 797 1290 P.
818 1243 880 1291 Sim
899 1247 960 1292 seat.
979 1238 1036 1290 486.

330 1337 439 1398 Negandi
463 1351 534 1385 eausa
557 1351 654 1384 avarum
680 1350 809 1395 numquam
836 1335 923 1384 deficit.
959 1336 987 1382 P.
1007 1335 1073 1381 Sim

897 1423 958 1468 sent.
977 1416 1036 1468 314.

280 1499 283 1505 ’
332 1517 430 1572 Semper
447 1529 532 1562 avarus
550 1489 620 1575 egetf
634 1517 724 1562 eertum
742 1518 797 1561 voto
810 1519 863 1572 pete
873 1514 951 1560 finem.
970 1513 1073 1559 Hom.

821 1599 891 1659 epist.
912 1597 935 1657 1,
953 1595 977 1658 2,
995 1591 1036 1645 56.

552 1683 606 1730 Non
623 1684 693 1741 plura
712 1697 802 1730 venena

332 1769 429 1816 miscuit
447 1772 487 1816 aut
504 1767 568 1814 ferro
586 1770 710 1828 grassatur
728 1767 823 1826 saepius
844 1769 920 1814 ullum
986 1743 987 1752 ἵ

331 1856 448 1900 humanae
464 1853 551 1900 mentis
569 1852 654 1899 vitium
672 1867 742 1911 quam
760 1867 829 1899 saeva
850 1851 936 1910 cupido

331 1937 454 1985 immodici
471 1952 563 1984 census.
581 1951 637 1984 nam
654 1937 720 1984 dives
738 1937 780 1996 qui
798 1936 851 1982 fieri
868 1937 927 1996 malt,

333 2027 356 2070 et
373 2022 421 2069 sito
438 2021 490 2068 vult
507 2021 573 2068 fieri:
601 2021 643 2068 sed
661 2036 721 2081 quae
737 2022 870 2068 reverentia
887 2021 974 2081 legum,

333 2106 387 2166 quis
401 2109 479 2153 metus
494 2109 535 2154 aut
551 2107 628 2164 pudor
645 2110 681 2153 est
698 2120 811 2165 umquam
828 2106 980 2163 properantis
991 2105 1073 2152 avari?

675 2192 770 2239 Juvma.
789 2195 837 2239 sat.
858 2186 898 2252 14,
918 2186 967 2238 173
985 2205 1037 2252 sqq.

334 2290 393 2344 Quis
412 2292 494 2339 dives?
513 2290 560 2344 Qui
577 2289 638 2338 nihil
657 2293 744 2351 cupiat.
769 2290 829 2344 Quis
846 2292 951 2351 pauper?
970 2293 1073 2338 Avarus.
1109 2277 1112 2283 ¹

566 2377 661 2423 Assos.
680 2381 742 2437 sept.
761 2378 870 2438 sapient.
890 2381 951 2424 sent.
972 2374 995 2436 1,
1013 2373 1037 2422 3.

334 2479 379 2526 Oui
395 2480 476 2526 nullus
494 2479 549 2526 finis
568 2478 679 2536 cupiendi
691 2481 734 2539 ast,
752 2479 833 2524 nullus
846 2478 955 2524 habendi.
974 2478 1073 2524 Auses.

865 2563 935 2624 edati.
954 2558 978 2622 3,
997 2558 1037 2610 15.

333 2665 442 2712 Avaritia
460 2665 539 2712 omnis
556 2665 616 2711 vitia
633 2663 711 2710 hebet.
748 2665 818 2710 Osse
837 2662 867 2710 de
878 2663 988 2711 moribus
1002 2663 1037 2723 sa.
1049 2660 1072 2711 1.

722 2762 747 2810 p.
766 2745 807 2808 82,
827 2745 860 2797 10
878 2747 914 2795 ed.
933 2747 1036 2795 Jordan.

334 2835 373 2880 Ex
390 2835 485 2881 luxuria
503 2832 604 2880 exsistat
622 2833 723 2880 avaritia
740 2847 835 2881 neeesse
852 2836 902 2890 est;
927 2846 956 2878 ex
974 2832 1076 2878 avaritia

283 2925 392 2978 erumpat
401 2919 512 2976 audaeia;
525 2917 580 2964 inde
590 2917 669 2964 omnia
678 2919 766 2964 seelera
776 2932 802 2965 ae
810 2917 926 2964 maleficia
935 2917 1074 2976 gignuntur.

702 3001 753 3048 010.
773 3001 843 3051 Rosa.
863 3004 918 3050 Am.
937 2997 978 3060 27,
997 2995 1037 3048 75.
