2596 3532
653 402 686 454 14

325 578 475 626 Immortalis
491 591 520 625 ne
538 591 634 636 speres,¹
645 578 726 622 monet
743 589 820 622 annus
838 577 862 624 et
879 575 968 620 almum

359 677 419 724 quee
436 661 500 720 rapit
516 663 576 708 hore
593 661 663 707 diem.
699 660 802 706 Hom.
822 673 899 708 carm.
917 653 943 717 4,
962 654 986 717 7,
1005 652 1065 720 7sq.

326 749 426 810 Singula
449 747 477 793 de
501 746 571 794 nobis
593 744 651 792 enni
673 743 819 802 praedantur
836 745 926 790 euntes.
963 742 1065 788 Hom.

816 828 887 888 epist.
905 821 930 887 2,
948 823 973 887 2,
990 822 1031 875 55.

479 891 545 962 Eisnt
563 914 619 960 euni
635 927 701 959 more
718 912 815 959 fluentis
832 926 914 970 equae.

327 1003 375 1049 Nec
393 1014 453 1060 quae
470 999 603 1058 praeteriit,
621 997 709 1044 iterum
725 997 876 1044 revocabitur
892 995 964 1055 unde,

361 1101 403 1132 nec
421 1098 481 1144 quae
498 1082 630 1142 praetexiit,
648 1083 708 1128 hora
725 1081 803 1128 redire
811 1083 899 1139 potest.
927 1081 1003 1129 Ovm.
1018 1083 1066 1128 art.

820 1180 868 1213 cm.
886 1162 911 1226 3,
929 1160 963 1213 62
979 1179 1031 1226 sqq.

328 1253 394 1301 Seris
412 1252 476 1300 venit
493 1267 552 1298 usus
570 1251 599 1298 ab
617 1251 694 1297 annis.
731 1249 805 1298 0v1n.
826 1253 879 1298 met.
898 1245 923 1309 6,
940 1245 981 1298 29.

633 1368 716 1428 Aque.

328 1474 375 1520 Est
391 1473 417 1519 in
434 1485 495 1530 eque
513 1471 577 1518 dulci
600 1485 648 1517 non
665 1469 784 1517 invidiose
802 1470 919 1527 voluptas.
950 1469 1024 1517 0v1n.
1037 1484 1067 1518 ex

816 1554 887 1600 Pont.
905 1550 930 1614 2,
949 1550 973 1615 7,
991 1549 1031 1601 73.

330 1642 393 1690 Usus
410 1640 541 1689 communis
559 1654 674 1698 equarum
691 1642 735 1684 cst.
772 1638 846 1686 Ovm.
866 1642 920 1685 mei.
939 1634 964 1699 6,
982 1633 1039 1687 349.

599 1755 737 1804 Arcanum.

331 1863 449 1907 Arcanum
466 1874 541 1919 neque
558 1863 586 1906 tu
603 1858 747 1906 scrutaberis
764 1857 837 1905 ullius
855 1872 975 1918 umquem,

329 1945 528 2002 commissumque
545 1947 611 2004 teges
629 1947 652 1990 ct
673 1943 728 1990 vinc
746 1945 825 1989 tortus
843 1946 866 1989 et
883 1942 926 1989 ire.
962 1942 1064 1989 Hom.

751 2027 822 2088 epist.
843 2024 866 2087 l,
885 2023 926 2087 18,
944 2022 977 2075 37
994 2040 1030 2090 sq.

624 2111 708 2158 Arcus
1000 2098 1004 2106 ’
1092 2101 1095 2109 ’

329 2216 384 2263 Non
402 2229 494 2273 semper
516 2212 600 2273 feriet,
627 2213 791 2272 quodcumque
817 2211 962 2273 minabitur,
988 2227 1064 2262 arcus.

703 2297 805 2344 Hom.
825 2302 871 2345 art.
886 2293 954 2359 'pecc
972 2293 1031 2348 350.

629 2414 716 2462 Arme.

330 2520 415 2567 Omnia
437 2519 504 2577 prius
528 2517 631 2575 experiri
653 2531 724 2576 quam
747 2516 820 2562 ermis
844 2517 975 2574 sapientem
992 2517 1065 2565 decet.

599 2603 713 2648 Tenem.
734 2601 798 2648 Eun.
815 2596 841 2661 4,
860 2595 883 2661 7,
901 2596 935 2649 19
952 2595 1031 2664 (789).

483 2686 555 2732 Arme
572 2701 620 2732 non
637 2689 732 2732 servant
749 2685 852 2745 modum,

330 2787 372 2819 nec
389 2770 517 2829 temperari
534 2770 604 2817 facile
621 2785 663 2818 nec
680 2770 778 2829 reprimi
795 2773 874 2828 potest

330 2857 408 2904 stricti
426 2855 490 2902 ensis
508 2857 551 2902 irc.
576 2855 638 2901 belle
665 2855 765 2902 delectat
788 2869 865 2902 cruor.
902 2856 962 2903 Sex.
989 2856 1064 2910 Herc.

855 2940 909 3000 sur.
927 2935 978 2989 403
995 2954 1030 3002 sq.
