2596 3532
669 396 685 446 ‘2

331 571 461 616 Memorem
480 570 642 616 immemorem
666 568 724 616 iacit
746 567 788 626 qui
805 570 886 614 monet
903 567 967 627 quod
985 584 1075 617 memor

804 653 920 700 meminit.

595 736 693 783 Pnsun.
715 733 847 797 Recedet,
867 733 890 797 1,
908 733 943 788 30
961 736 1039 800 (940).

333 823 436 871 Monitio
454 821 583 868 acerbitate
601 825 687 868 careat.
724 822 775 870 Orc.
794 821 824 870 de
842 823 937 871 amicit.
955 819 997 883 24,
1015 817 1056 872 89.

336 907 468 965 Impatiens
487 907 589 966 animus,
607 921 649 953 nec
668 906 744 953 adhuc
761 907 896 954 tractabilis
913 912 972 968 arte,

285 991 286 994 ’
371 990 465 1048 respuit
485 994 557 1049 atque
580 989 636 1037 odio
659 991 731 1038 verba
747 992 866 1038 monentis
883 993 963 1040 hebet.
999 993 1075 1042 Ovrn.

794 1089 851 1123 reon.
871 1091 920 1124 om.
939 1073 989 1125 123
1005 1093 1040 1141 sq.

336 1161 445 1206 Amicum
472 1160 498 1206 in
523 1163 614 1207 secreto
637 1173 718 1220 mone,
744 1161 823 1218 palam
849 1161 927 1209 lauda.
964 1164 1025 1211 Snu.
1046 1163 1077 1212 de

863 1260 922 1294 mor.
942 1261 982 1296 no.
1002 1245 1041 1296 12.

481 1345 650 1409 Adolescens.
686 1344 882 1395 Adolescentia.

336 1441 410 1497 Decet
427 1441 585 1496 verecundum
602 1462 654 1494 esse
671 1447 851 1495 adolescentem.
888 1451 985 1498 Perus.
1004 1452 1076 1500 Asin.

692 1593 694 1598 Ι
843 1530 867 1593 5,
887 1532 910 1594 1,
929 1532 945 1584 6
964 1530 1043 1599 (833),

339 1619 483 1665 Adolescens
500 1632 572 1677 quom
590 1617 646 1678 seis,
664 1621 715 1665 tum
732 1623 828 1678 quomst
846 1620 943 1679 sanguis
960 1621 1060 1681 integer,

285 1761 286 1766 ¹
337 1705 374 1751 rei
385 1707 409 1751 te
421 1702 567 1762 quaerendae
579 1702 688 1750 convenit
700 1718 796 1761 operam
808 1703 871 1750 dare.
890 1703 989 1751 Pnnur.
1001 1703 1076 1754 Mero

794 1783 819 1848 3,
838 1784 862 1848 2,
881 1784 896 1836 7
918 1784 988 1851 (550)
1006 1804 1043 1852 ao.
1142 1793 1149 1810 ’

342 1871 389 1927 Qui
406 1873 591 1920 adolescentium
612 1871 715 1930 peccatis
741 1872 834 1932 ignosci
856 1875 943 1931 putant
960 1877 1078 1934 oportere,

288 1959 418 2018 falluntur,
442 1962 569 2016 propterea
595 1956 659 2018 quod
681 1959 745 2004 aetas
767 1957 810 2004 illa
835 1971 882 2003 non
908 1959 1078 2016 impedimento

289 2047 326 2090 est
342 2044 413 2090 bonis
431 2042 532 2100 studiis;
551 2041 615 2089 atei
633 2041 754 2098 sapienter
769 2041 868 2102 iaciunt,
888 2043 929 2102 qui
941 2043 1078 2092 adolescen-

288 2133 326 2177 tes
343 2127 445 2174 maxime
462 2127 588 2187 castigant,
606 2128 634 2172 ut
651 2125 738 2185 quibus
756 2125 885 2173 virtutibus
900 2143 993 2174 omnem
1005 2130 1077 2177 vitam
1122 2177 1124 2181 ,

288 2214 352 2262 tueri
370 2212 473 2272 possint,
492 2226 531 2258 eas
549 2211 574 2257 in
587 2212 663 2257 aetate
675 2211 837 2258 maturissime
848 2212 922 2260 velint
935 2227 1078 2272 comparare.

696 2295 802 2343 Coeum.
821 2295 882 2345 rhet.
901 2293 925 2356 4,
944 2293 984 2359 17,
1003 2293 1043 2346 25.

344 2382 429 2429 Studia
446 2381 472 2427 in
490 2380 648 2428 adolescentia
664 2384 785 2439 tamquam
803 2381 828 2428 in
840 2381 921 2427 herbis
935 2382 1079 2443 significant,

290 2482 350 2527 quae
368 2465 466 2513 virtutis
484 2465 610 2512 maturitas
628 2467 651 2510 et
668 2469 770 2524 quantae
787 2464 868 2526 fruges
885 2465 1018 2514 industriae
1030 2467 1080 2514 sint

289 2552 391 2600 futurae.
428 2551 480 2596 Cic.
499 2543 545 2611 pr'o
565 2549 629 2598 Coei.
648 2545 690 2610 31,
708 2545 748 2598 76.
767 2576 800 2583 -
819 2549 861 2612 Cf.
879 2555 979 2598 tunnis.

619 2683 752 2732 Adulatio.

342 2771 456 2817 Adulatio
480 2783 551 2830 quam
575 2770 662 2819 similis
683 2772 720 2816 est
737 2769 867 2817 amicitiae!
901 2785 949 2818 non
972 2772 1081 2821 imitatur

290 2860 384 2904 tantum
407 2847 487 2916 illam,
507 2854 548 2902 sed
570 2855 644 2902 vineit
662 2858 686 2902 et
703 2845 824 2912 praeterit.
860 2855 920 2902 Sum.
948 2857 1020 2917 epist.
1038 2853 1080 2918 45,

966 2937 983 2988 e
1001 2938 1045 3004 (a).
