2596 3532
641 401 676 456 54

308 559 413 604 Multum
429 559 455 604 in
474 571 553 604 amore
571 557 645 619 fides,
668 561 770 606 multum
793 561 929 610 constantia
946 565 1053 624 prodest.
1088 540 1090 544 ι

627 643 757 691 Proerna.
778 660 854 693 carm.
873 643 898 708 2,
916 644 959 708 26,
977 646 1017 698 27.

309 729 389 775 Tarda
407 729 468 775 solet
486 729 578 788 magnis
597 729 669 776 rebus
687 729 765 776 inesse
783 730 849 778 fides.
873 731 948 780 Ovrn.
959 733 1053 783 heroid.

902 813 1018 877 17‚130.

309 900 369 945 Cum
387 897 484 944 fortuna
503 901 598 958 statque
617 899 728 958 caditque
745 899 813 946 fides.
850 901 966 950 0v11).ea·
979 903 1052 952 Pom.

891 983 915 1047 2,
934 982 958 1046 33
978 985 1018 1037 10.

311 1069 434 1122 Quantum
452 1068 552 1128 quisque
571 1083 615 1116 sua
632 1084 782 1116 nummorum
800 1075 879 1118 servat
896 1071 922 1119 in
939 1087 1001 1133 arca,

313 1157 408 1202 tantum
425 1153 498 1200 habet
516 1157 539 1201 et
556 1154 619 1200 fidei.
655 1155 749 1202 Juvra.
770 1161 819 1205 rat.
838 1153 862 1216 3,
881 1151 931 1206 143
949 1172 984 1220 sq.

312 1241 376 1286 Rara
393 1238 461 1302 fides,
480 1239 522 1288 ubi
536 1239 586 1300 jam
604 1239 689 1286 melior

310 1325 409 1371 fortuna
426 1324 484 1372 ruit.
520 1323 582 1370 SEN.
603 1323 676 1372 Herc.
698 1326 748 1374 eet.
768 1321 818 1374 602
835 1341 871 1388 sq.

312 1411 393 1456 Prona
411 1412 447 1456 eet
464 1410 546 1457 timeri
565 1423 657 1468 semper
674 1411 700 1458 in
717 1412 785 1474 pejus
803 1412 870 1458 fides.
900 1413 957 1460 Sar.
977 1413 1052 1461 Herc.

881 1495 941 1559 scr.
961 1493 1019 1546 316.

315 1581 372 1626 Non
389 1581 465 1628 intrat
483 1594 594 1639 umquam
608 1581 700 1640 regium
712 1581 785 1628 limen
797 1581 864 1628 fides.
893 1584 951 1630 sm.
963 1583 1053 1644 Agam.

961 1662 1019 1714 285.

317 1750 399 1797 Pretio
426 1753 511 1808 parata
536 1751 641 1796 vincitur
663 1722 749 1808 pretio¹
765 1750 831 1796 fides.
878 1753 938 1799 Sara.
963 1753 1054 1814 Agara.

962 1833 1021 1886 289.

318 1921 425 1967 Peecunt
447 1920 518 1966 fidem
542 1921 658 1980 secunda,
683 1925 707 1968 at
732 1921 830 1968 adversa
853 1922 957 1982 erigunt.
994 1923 1053 1970 sar.

849 2007 942 2067 Agam.
962 2003 1019 2056 aar.

316 2091 415 2136 Ferrum
433 2092 515 2136 tuetur
532 2090 679 2148 principem
699 2091 783 2137 melius
796 2090 862 2138 fides.
894 2091 953 2138 aar.
969 2091 1053 2140 Oetae.

961 2172 1019 2224 456.

317 2259 416 2306 Teneris
440 2260 465 2306 in
490 2261 558 2306 annis
582 2261 646 2308 haud
668 2261 728 2307 satis
753 2259 816 2306 clara
839 2263 875 2306 est
892 2259 959 2306 fides.
995 2260 1054 2306 81111.

858 2339 1018 2393 0111111538.

317 2429 417 2476 Aditum
434 2429 535 2477 nocendi
552 2429 642 2488 perfido
660 2431 768 2487 praestat
785 2428 851 2474 fides.
888 2429 947 2475 Sar.
968 2427 1053 2491 Oedip.

963 2509 1021 2564 686.

553 2583 663 2631 Fiducia
680 2583 769 2630 nimia.

317 2685 399 2732 Nimia
416 2684 504 2732 fiducia
520 2699 618 2745 magnae
640 2683 771 2733 calamitati
793 2684 855 2730 aclea
878 2697 936 2729 esse.
973 2684 1054 2730 001111.

293 2752 295 2757 ’
767 2769 829 2814 Ner.
850 2768 936 2830 Petep.
955 2763 979 2828 3,
1000 2766 1021 2816 l.

319 2855 367 2902 Ubi
384 2870 458 2904 vanua
479 2854 571 2902 animus
589 2868 646 2900 aura
664 2855 747 2910 captus
769 2852 855 2899 frivola

320 2941 423 2999 arripuit
440 2941 581 2988 insolentem
599 2938 645 2985 sibi
663 2938 782 2997 fiduciam,
