2596 3532
643 405 675 460 78

317 580 424 628 Maxime
448 583 485 627 est
507 579 583 626 feetee
605 579 707 641 injuriae
730 594 807 638 poene
823 579 915 626 fecisse.
952 578 1010 625 sss.
1029 577 1060 626 cte

552 715 553 718 ,
833 658 1021 723 mtffin

318 750 401 810 Magni
419 749 493 796 enimi
511 753 547 796 est
564 749 666 810 injurias
684 749 812 807 despicere.
849 749 909 796 Snn.
929 747 958 796 de
975 748 1015 796 ito
1034 745 1059 806 2,

938 827 979 892 32,
998 828 1022 880 3.

597 901 724 962 Injnstns.

466 987 561 1048 Injuste
578 987 607 1032 ab
623 987 698 1047 justis
715 986 840 1044 impetrari
858 999 906 1032 non
924 985 998 1044 deeet,

311 1071 379 1131 juste
396 1073 475 1118 autem
493 1072 521 1118 eb
539 1071 638 1132 injustis
656 1075 736 1130 petere
754 1071 895 1128 insipientie
913 1074 962 1118 est:

315 1156 403 1216 qnippe
418 1157 456 1202 illi
471 1156 549 1215 iniqui
561 1157 601 1218 J'us
616 1157 728 1216 ignorent
743 1170 818 1215 neque
832 1159 922 1202 tenent.
958 1155 1056 1200 Penni.

724 1239 814 1302 Amph.
834 1241 898 1302 prot.
917 1232 951 1285 35
968 1252 1022 1300 sqq.

487 1359 628 1408 Innocens.
662 1359 829 1407 innocentia.
984 1420 985 1423 Ἴ

319 1443 387 1490 Nihil
411 1447 447 1491 est
473 1444 537 1503 quod
559 1445 657 1505 timeas,
685 1445 706 1492 si
731 1445 844 1492 innocens
868 1458 900 1490 es.
936 1439 1057 1494 QUINTIL.

642 1529 701 1576 dect.
720 1523 778 1576 294.
797 1545 821 1587 p.
841 1523 891 1576 154
909 1529 945 1576 ed.
966 1526 1022 1588 Rip.

318 1611 398 1658 Verba
414 1613 536 1660 innocenti
553 1614 658 1672 reperire
674 1613 744 1661 foeile
761 1617 806 1674 est,
824 1612 920 1660 modum
931 1613 1057 1660 verborum

261 1697 350 1744 misero
378 1700 459 1744 tenere
489 1697 595 1746 difficile.
632 1699 711 1747 Cnnn.
738 1698 768 1746 de
790 1702 851 1759 gest.
874 1699 945 1746 Atos.
973 1692 997 1756 6,
1024 1693 1057 1745 10

912 1777 1018 1842 (37),1.

311 1865 387 1920 Quam
405 1870 507 1926 anguste
523 1869 659 1916 innocentie
677 1871 714 1914 est
730 1867 761 1914 ad
778 1868 854 1927 legem
872 1867 960 1913 bonum
985 1864 1054 1910 esse?

264 1955 354 2008 quanto
372 1950 445 1998 letius
464 1950 598 1998 officiorum
615 1955 682 2010 petet
699 1965 770 2011 quam
784 1952 848 2012 juris
865 1949 963 2012 regnis?
997 1950 1056 1997 Sne.

628 2037 657 2084 de
675 2037 716 2084 iro
734 2033 758 2096 2,
776 2031 819 2096 27,
837 2032 853 2084 6
872 2031 907 2098 (2,
924 2031 966 2096 28,
984 2030 1019 2096 2).

314 2119 427 2179 Magnum
454 2119 600 2178 praesidium
626 2121 652 2166 in
677 2121 791 2178 penicillis
817 2121 960 2168 innocentia.
997 2121 1056 2168 Snn'.

652 2209 760 2254 costroe.
779 2201 796 2254 3
815 2201 962 2270 (7)‚16.§.
981 2201 1021 2254 10.

313 2289 454 2336 innocentie
471 2304 514 2347 per
532 2305 557 2336 se
574 2291 644 2338 valet.
681 2290 803 2344 Qninnin.
826 2291 884 2340 dect.
904 2285 962 2340 268.
980 2306 1004 2348 p.
1023 2286 1056 2338 89

904 2377 940 2424 ed.
962 2375 993 2424 Bi
1014 2410 1020 2422 .

310 2457 372 2504 Vere
389 2457 492 2506 felicitas
510 2459 647 2507 innocentie
665 2463 708 2508 cst.
746 2461 806 2508 sno.
829 2460 859 2508 de
877 2475 935 2508 mor.
956 2390 1054 2510 neptiss.

539 2594 642 2654 inopis.
678 2595 765 2654 Inops.

307 2695 402 2742 Desunt
419 2695 514 2754 inopiae
531 2709 614 2757 peuce,
633 2697 747 2744 avaritiae
765 2698 851 2744 omnia.
876 2697 903 2743 P.
915 2697 978 2744 Sim
991 2702 1052 2745 seni.

959 2777 1017 2830 121.

306 2866 430 2912 Instructo
453 2865 535 2924 inopia
560 2869 596 2913 est
619 2865 645 2914 in
666 2865 759 2914 divitiis
777 2867 904 2926 cupiditas.
941 2869 970 2918 P.
990 2867 1053 2916 Snnn

874 2957 937 3001 sent.
959 2948 1017 3000 229.
1057 2959 1059 2962 ’
