2596 3532
312 625 461 674 Beneficium
478 624 558 685 dignis
576 623 619 672 ubi
637 623 693 684 des,
712 638 793 672 omnes
811 623 912 684 obligas.
948 625 976 671 P.
996 625 1059 674 Seres

899 715 961 758 sent.
980 705 1022 758 52.

314 793 462 843 Berieficiunr
475 795 517 854 qui
529 792 623 840 dedisse
634 807 659 839 se
669 792 736 852 dieit,
749 794 817 851 petit.
836 793 863 839 P.
875 793 938 841 Sem
947 798 1009 842 sent.
1017 790 1057 843 53.

316 880 464 928 Beneficium
486 891 556 937 saepe
573 877 630 924 dere
647 877 731 925 docere
748 881 786 924 est
802 877 907 924 reddere.
944 879 970 925 P.
993 879 1059 926 Suu

836 963 839 980 '
901 967 963 1010 sent.
982 957 1023 1012 54.

316 1048 438 1096 Beneficia
457 1047 541 1095 donari
558 1050 600 1094 eut
617 1047 675 1093 meli
692 1049 734 1094 eut
750 1047 821 1094 strdti
837 1049 930 1104 putent.
956 1047 983 1094 P.
994 1048 1059 1096 Sem

901 1136 962 1180 sent.
980 1128 1022 1182 46.

313 1217 385 1274 Inopi
403 1215 546 1264 beneficium
563 1215 601 1264 bis
620 1214 669 1276 det,
687 1215 788 1274 quidet
806 1215 921 1263 celeriter.
948 1217 976 1263 P.
995 1217 1058 1265 Sese

883 1305 945 1348 sent.
964 1296 1022 1348 225.

313 1384 403 1432 Reddit
422 1383 562 1432 beneficium
580 1384 621 1444 qui
638 1383 741 1432 libenter
758 1383 834 1432 debet.
871 1384 930 1432 ses.
942 1384 971 1432 de
980 1384 1057 1446 benef.

913 1466 935 1528 l,
955 1465 978 1528 1,
996 1465 1020 1518 3.

317 1553 412 1602 Eodem
430 1552 508 1599 animo
526 1552 666 1600 beneficium
684 1551 795 1612 debetur,
819 1567 866 1612 quo
884 1552 961 1600 detur.
998 1555 1056 1601 sss.

715 1637 745 1686 de
763 1636 839 1698 denes.
857 1633 882 1698 1,
900 1632 924 1698 1,
943 1632 958 1685 7
976 1635 1021 1700 (8).

316 1723 350 1772 Et
367 1722 450 1784 magni
473 1721 547 1769 enimi
570 1725 593 1768 et
615 1721 673 1769 beni
695 1722 819 1781 proprium
835 1725 873 1770 est
889 1735 937 1770 non
953 1721 1057 1774 fructum

263 1807 434 1856 beneficiorum
451 1807 533 1866 sequi,
559 1805 602 1854 sed
622 1807 682 1865 ipse.
719 1807 780 1855 Ser.
798 1806 828 1855 de
844 1806 920 1868 denes.
940 1801 964 1866 1,
982 1803 1006 1866 1,
1024 1803 1057 1854 11

318 1975 365 2028 Qui
382 1977 522 2024 beneficium
540 1990 588 2024 non
604 1974 684 2024 reddit
701 1976 777 2036 magis
795 1979 884 2037 peeeet,
902 1977 943 2036 qui
955 1991 1003 2023 nen
1015 1975 1057 2024 det

260 2063 347 2112 eitius.
384 2060 445 2108 Ssre.
463 2062 493 2110 de
511 2061 586 2121 benef.
605 2056 629 2120 1,
648 2057 671 2120 1,
689 2056 723 2108 12
740 2055 802 2124 (13).

318 2147 393 2194 Nemo
412 2145 526 2194 benefieie
542 2146 567 2194 in
585 2145 719 2194 calendario
737 2144 828 2192 scribit.
864 2145 925 2192 Ser.
939 2145 968 2194 de
980 2144 1055 2204 denes.

856 2225 879 2289 1,
897 2227 922 2290 2,
940 2226 956 2278 2
975 2223 1019 2292 (3).

318 2314 465 2363 Beneficium
482 2314 508 2362 in
530 2317 582 2362 tete
603 2328 651 2360 non
668 2313 746 2362 mitto.
783 2315 843 2362 Sere.
871 2314 900 2362 de
926 2313 1005 2377 denes.
1032 2311 1055 2374 2,

938 2394 978 2458 10,
996 2394 1020 2448 4.

311 2483 405 2542 'Turpis
425 2482 541 2530 feneratio
560 2486 596 2530 est
612 2481 753 2529 beneficium
770 2495 898 2540 expensum
909 2481 979 2529 ferre.
997 2482 1055 2530 ers.

771 2566 801 2614 de
819 2565 894 2626 benef.
914 2563 937 2626 1,
955 2561 980 2626 2,
997 2561 1021 2616 3.

316 2655 344 2700 Is
366 2650 450 2710 perdet
472 2650 600 2711 beneficis,
627 2651 669 2709 qui
695 2650 742 2697 eito
769 2664 794 2696 se
816 2649 950 2708 perdidisse
973 2649 1055 2700 eredit.

430 2733 434 2746 '
635 2734 696 2782 Ser.
715 2734 744 2784 de
761 2733 838 2794 benef.
858 2731 881 2793 1,
898 2730 923 2795 3,
941 2731 958 2783 2
975 2734 1019 2798 (1).

317 2822 373 2870 Non
390 2824 470 2880 potest
486 2819 626 2867 beneficium
643 2833 715 2866 meru
731 2819 810 2878 tangi:
833 2833 871 2866 ree
880 2819 959 2866 anime
968 2819 1054 2879 egitur.

638 2902 697 2950 Sus.
716 2903 746 2951 de
761 2902 837 2962 benef.
857 2900 880 2963 1,
898 2898 923 2964 5,
943 2899 956 2950 1
975 2899 1020 2966 (2).

309 2989 462 3038 Beneficium
484 3001 532 3035 non
554 2987 580 3034 in
604 3001 631 3034 eo
655 2986 719 3045 quod
741 2987 769 3033 fit
790 2989 831 3034 eut
848 2987 919 3035 detur
936 2987 1055 3046 consistit,
