2596 3532
617 465 650 518 21

289 637 418 692 Quaeritur
434 638 493 686 belli
510 638 598 699 exitus,
617 653 665 686 non
682 653 761 686 cause.
799 641 858 688 Sex.
884 640 958 688 Herc.
979 641 1038 701 sur.

892 719 944 774 407
961 739 997 788 sq.

288 791 348 844 Quis
366 791 434 838 furor
451 793 488 838 est
505 793 582 838 etrem
599 790 670 838 bellis
688 805 808 838 arcessere
825 793 940 840 mortem!

322 877 435 924 Imminet
457 878 481 922 et
503 875 577 923 tacito
600 876 661 923 elam
678 876 744 923 venit
760 876 803 922 illa
819 876 887 934 pede.
923 877 1035 924 Tmuit.

648 979 653 990 ·
710 974 786 1008 carm.
806 957 829 1020 1,
849 958 890 1021 10,
908 957 942 1010 33
960 975 997 1024 sq.

447 1061 615 1111 Benefloium.
650 1061 820 1110 Beneteeere.

288 1147 388 1194 Nullum
405 1144 547 1195 beneficium
565 1161 617 1194 esse
635 1146 695 1193 dueo
717 1145 757 1207 id,
782 1161 854 1205 quom
877 1147 935 1206 quoi
956 1146 1034 1194 facias

725 1246 772 1278 non
789 1233 876 1290 pleeet.

566 1315 665 1362 Puni.
690 1315 761 1364 Trin.
779 1313 804 1376 3,
822 1313 847 1375 2,
865 1311 898 1364 12
917 1309 995 1380 (638).

289 1401 353 1449 Malo
370 1400 429 1448 bene
446 1399 523 1448 faeere
540 1400 688 1448 tantumdem
706 1403 742 1448 est
759 1401 899 1462 perieulum,

290 1489 404 1545 quantum
421 1485 483 1532 bono
500 1486 562 1532 mede
579 1484 664 1532 faeere.
700 1483 802 1534 Puni.
818 1487 892 1534 Poeni.
911 1481 935 1545 3,
954 1480 979 1545 3,
996 1481 1036 1534 20

872 1565 943 1633 (502)
960 1583 996 1632 sq.

290 1655 353 1701 Malo
371 1654 393 1701 si
410 1654 469 1713 quid
485 1654 544 1700 bene
560 1653 643 1715 facias,
661 1654 801 1702 beneficium
818 1655 915 1712 interit;

290 1739 351 1786 beno
370 1739 391 1785 si
409 1738 467 1798 quid
484 1739 546 1786 male
563 1738 646 1800 facies,
665 1743 765 1787 aetatem
787 1740 884 1798 expetit.
929 1739 1033 1786 Pmm.

638 1823 711 1872 Poen.
733 1820 758 1884 3,
776 1819 800 1883 3,
818 1821 852 1873 22
870 1819 940 1886 (504)
958 1838 994 1886 sq.

289 1909 418 1968 Improbus
436 1910 573 1969 esthemo,
598 1908 640 1967 qui
662 1909 803 1955 beneficium
821 1909 866 1956 seit
884 1909 989 1968 accipere
1006 1912 1036 1956 et-

676 1992 775 2040 reddere
792 1994 875 2040 nescit.

570 2077 668 2125 emm.
690 2079 758 2126 Pers.
777 2074 801 2138 5,
821 2075 844 2134 1,
863 2076 896 2128 10
915 2073 994 2142 (762).

291 2161 359 2215 Quod
375 2162 445 2209 bonis
463 2161 551 2209 benefit
568 2162 720 2224 beneficium,
739 2163 816 2222 gretie
834 2176 861 2209 ea
878 2163 976 2223 gravida
994 2169 1035 2211 est

797 2248 875 2294 bonis.

542 2331 641 2378 Pmm.
662 2329 736 2394 Uapt.
754 2329 779 2393 2,
797 2329 821 2393 2,
841 2315 890 2382 108
909 2328 988 2396 (358),

289 2417 396 2476 Nequam
405 2416 466 2463 illud
476 2417 573 2464 verbum
583 2423 619 2464 est
629 2418 696 2465 ‘bene
705 2417 771 2478 volt',
781 2417 829 2464 nisi
841 2419 883 2476 qui
891 2418 951 2464 bene
962 2417 1032 2465 feeit.

563 2502 663 2548 Peme.
687 2501 758 2550 Trin.
777 2499 801 2562 2,
819 2497 844 2560 4,
862 2497 896 2550 38
914 2499 993 2565 (439).

289 2587 353 2633 Bene
376 2587 438 2635 faeta
461 2587 522 2634 mele
543 2587 621 2634 loeete
644 2588 705 2634 male
728 2586 790 2634 fecte
813 2587 924 2633 arbitror.
961 2588 1031 2634 Emi.

426 2653 434 2666 ⁸
625 2691 627 2697 s
710 2677 776 2733 trag.
790 2671 826 2731 fr.
845 2667 896 2720 429
914 2667 993 2734 (389).

291 2755 435 2804 Beneficium
452 2757 557 2816 accipere
574 2757 709 2805 libertatem
727 2761 763 2804 est
780 2755 887 2803 vendere.
918 2756 945 2803 P.
965 2757 1031 2804 Sim

872 2846 932 2889 sent.
951 2835 993 2890 49.

290 2925 435 2973 Beneficium
453 2927 530 2974 dendo
549 2927 647 2986 accepit,
667 2926 708 2985 qui
726 2925 798 2986 digno
816 2925 888 2972 dedit.
919 2925 946 2973 P.
966 2927 1033 2975 Sirim

872 3016 933 3058 sent.
952 3006 997 3059 50..
