2608 3524
615 363 663 416 139

296 536 342 582 Per
359 536 449 584 seelera
466 551 559 596 semper
576 537 706 584 sceleribus
728 540 809 584 tutum
830 539 867 584 est
884 537 940 587 iter.
976 537 1034 584 San.

832 624 924 684 Agum.
943 617 1002 672 115.

296 705 392 754 Patiare
409 707 490 764 potius
507 706 559 764 ipse
578 721 650 766 qnam
666 705 741 754 facias
759 707 846 756 scelus.
877 707 938 754 Sur.
957 705 1036 756 Phoe·

866 792 926 840 nica.
943 787 1002 840 494.

578 860 704 908 scientia.

296 958 360 1012 Quid
376 964 413 1008 est
430 961 534 1008 bonum?
562 976 642 1008 rerum
667 963 774 1011 scientia.
798 961 857 1021 quid
879 962 968 1008 malum
992 963 1036 1009 est.

243 1057 324 1092 rerum
341 1046 469 1104 imperitia.
506 1045 566 1093 Sua.
585 1048 656 1108 epist.
674 1043 717 1105 31,
735 1042 759 1096 6.

296 1130 388 1178 Natura
406 1132 497 1178 semina
518 1132 588 1178 nobis
612 1132 726 1179 scientiae
743 1130 823 1192 dedit,
848 1131 972 1178 scientiam
990 1145 1038 1178 non

244 1213 318 1263 dedit.
355 1217 413 1264 Sur.
433 1217 505 1278 epist.
525 1213 583 1277 120,
600 1212 618 1265 3
636 1212 681 1280 (4).

601 1353 683 1402 seire.

448 1439 475 1486 Si
493 1438 567 1500 sapis,

296 1521 360 1580 quod
377 1523 425 1570 seis
441 1523 528 1571 nescis.
563 1524 677 1570 Tnaanr.
696 1521 763 1570 Eun.
780 1517 805 1583 4,
824 1519 849 1582 4,
867 1517 900 1571 53
919 1517 978 1585 (721
991 1518 1039 1583 sq.)

536 1642 672 1690 secundm
690 1653 742 1690 ras.

449 1723 544 1787 Omnes,
563 1741 637 1786 quum
655 1725 771 1774 secundae
787 1741 826 1773 res
844 1729 901 1774 sunt
921 1737 1039 1784 maxume,

708 1813 760 1858 tum
778 1824 886 1858 maxume

294 1895 406 1944 meditari
424 1910 504 1944 seeum
522 1899 631 1957 oportet,
649 1910 697 1955 quo
714 1899 784 1954 paeto
801 1895 928 1944 adversam
946 1909 1040 1942 aerum-

449 1986 452 1993 '
727 1995 783 2028 nam
800 1980 886 2028 ierant.

481 2067 595 2114 Tanaum.
620 2065 719 2114 Phorm.
738 2062 763 2126 2,
782 2063 806 2126 1,
825 2062 858 2114 11
877 2060 949 2130 (241)
967 2078 1006 2126 aq.

295 2149 399 2212 Errant,
424 2152 466 2210 qui
489 2152 515 2198 in
532 2149 656 2210 prosperis
677 2150 750 2198 rebus
768 2166 850 2198 omnes
868 2151 973 2208 impetus
991 2148 1041 2196 ior-

243 2235 314 2288 tunae
332 2249 358 2304 se
374 2239 461 2294 putant
478 2235 584 2297 fugisse;
604 2235 726 2295 sapienter
738 2236 853 2296 cogitant,
872 2235 914 2294 qui
926 2233 1043 2292 tempori·

242 2317 288 2365 bus
307 2319 418 2367 secundis
437 2335 506 2368 casus
524 2321 638 2368 adversos
655 2319 822 2368 reformidant.
859 2321 966 2368 conam.
979 2317 1042 2368 rhet.

860 2401 886 2465 4,
905 2400 946 2466 17,
964 2398 1008 2454 24.

248 2517 251 2526 ·
293 2487 429 2538 Luxuriant
446 2491 521 2538 enimi
538 2491 609 2538 rebus
627 2492 768 2550 plerumque
786 2489 907 2550 secundis,

327 2588 370 2622 uec
387 2574 458 2622 facile
476 2579 514 2624 est
532 2590 607 2635 aequa
625 2575 750 2624 commoda
767 2578 846 2622 mente
869 2574 929 2632 pati.
967 2573 1042 2622 Orto.

770 2665 818 2708 ert.
839 2674 888 2708 om.
906 2656 932 2720 2,
950 2652 1009 2708 437.

294 2743 416 2792 Secundae
439 2759 478 2792 res
503 2743 638 2793 acrioribus
663 2746 769 2793 stimulis
793 2745 886 2792 animos
911 2744 1045 2802 explorant,

241 2827 299 2886 quia
316 2829 428 2878 miseriae
445 2829 589 2890 tolerantur,
608 2829 724 2878 felicitate
742 2829 927 2888 corrumpimur.
954 2828 1045 2874 Tucia.

846 2912 905 2963 hist.
925 2910 949 2973 1,
969 2908 1010 2961 15.
