2608 3524
615 370 663 423 107

296 540 400 589 Pulchra
411 542 497 590 mulier
508 543 573 590 nuda
591 544 645 602 erit,
664 559 735 604 quam
747 549 887 606 purpurata,
904 509 1035 605 pulchrior.

555 629 656 679 Pnnur.
675 629 750 680 Most.
771 625 793 688 1,
811 626 835 690 3,
855 626 903 678 131
923 627 1002 694 (289).

296 728 369 789 Virgo
386 733 458 789 utque
475 731 561 778 mulier
578 733 645 779 nulla
662 732 716 790 erit,
734 731 793 792 quin
811 731 844 780 sit
861 733 933 791 mala,

296 827 355 870 quae
372 818 467 872 praeter
484 816 561 874 sapiet
578 830 649 875 quam
666 819 744 875 placet
760 817 908 876 parentibus.
935 818 1035 864 Pnlnr.

648 901 717 949 Pers.
736 897 760 955 3,
780 899 804 961 1,
822 897 855 950 37
874 897 944 965 (365)
963 917 1000 964 sq.

295 999 369 1060 Virgo
387 1004 459 1060 atquo
476 1003 562 1050 mulier
578 1004 645 1050 nulla
662 1003 717 1063 erit,
736 1003 794 1063 quin
812 1003 845 1050 sit
862 1005 933 1064 mala,

295 1099 354 1145 quae
377 1087 475 1146 reticet,
499 1088 521 1134 si
544 1087 603 1147 qnid
625 1088 678 1134 fieri
698 1102 811 1146 pervorse
828 1087 899 1135 vidui.
935 1088 1035 1136 Pmur.

650 1173 717 1222 Pers.
736 1168 760 1230 3,
779 1169 803 1232 1,
821 1168 855 1221 39
873 1167 944 1234 (367)
962 1187 998 1236 sq.

294 1271 373 1320 Multa
391 1274 518 1321 mulierum
535 1277 592 1322 sunt
609 1275 679 1322 vitia:
708 1273 750 1321 sed
773 1275 817 1322 hoc
841 1289 854 1322 e
877 1275 960 1322 multis
983 1289 1034 1322 mu-

731 1359 822 1406 rimum
839 1362 883 1418 est,

295 1455 369 1500 quum
393 1443 441 1490 sibi
463 1445 535 1491 nimis
553 1445 647 1502 placent
665 1445 792 1503 minusque
809 1447 909 1503 operuni
926 1444 963 1492 uti
982 1445 1035 1502 plu-

730 1532 797 1576 erunt
813 1529 881 1576 viris.

505 1614 605 1664 Pnnur.
626 1613 701 1660 Poen.
719 1609 745 1671 5,
762 1609 787 1673 4,
805 1609 839 1662 33
858 1608 945 1676 (1061)
963 1628 1001 1676 sq.

294 1712 358 1766 Quid
375 1715 443 1775 pejus
462 1718 499 1762 est
515 1715 614 1762 muliere
633 1718 674 1762 aut
694 1715 821 1762 audacius?
857 1715 957 1762 Punur.
978 1695 1034 1762 Mil.

700 1803 764 1860 glor.
782 1797 808 1860 2,
825 1796 850 1860 3,
868 1795 902 1848 36
920 1794 1000 1861 (307).

245 1889 250 1900 “
292 1883 397 1930 Avarum
415 1888 453 1932 est
469 1885 597 1931 mulierum
614 1899 698 1944 genus.
725 1884 906 1931 TnAn10.LAr.
920 1882 1035 1942 inasub.

684 1962 741 2018 143.
762 1984 785 2027 p.
804 1965 855 2018 218
872 1967 908 2016 αἱ.
928 1966 1000 2016 Ribb.

445 2054 508 2102 Novi
525 2054 648 2114 ingenium
666 2054 805 2100 mulierum:

292 2139 378 2186 nolunt
395 2140 432 2187 uti
450 2140 524 2200 velis,
549 2139 591 2186 ubi
608 2140 671 2186 nolis
694 2138 794 2196 eupiunt
811 2139 883 2187 ultro.
919 2137 1035 2184 Tunnur.

649 2223 718 2272 Eun.
736 2218 761 2284 4,
780 2219 804 2283 7,
822 2217 857 2270 42
876 2218 946 2284 (812)
965 2235 1001 2282 sq.
1047 2235 1050 2248 ¹

291 2325 340 2372 Aut
358 2328 422 2372 amat
440 2328 482 2373 aut
499 2324 551 2372 odit
568 2324 662 2384 mulier,
681 2325 743 2371 nihil
755 2328 792 2372 est
803 2324 910 2371 tortium.
928 2322 958 2370 P.
972 2322 1037 2370 Srm

878 2411 940 2455 sent.
958 2401 1002 2455 42.

292 2495 380 2542 Mulier
404 2509 478 2556 quum
501 2495 552 2541 sola
576 2494 677 2554 cogitat,
704 2493 766 2540 male
792 2493 889 2552 cogitat.
925 2491 954 2537 P.
973 2489 1038 2536 Sum

864 2579 925 2624 sent.
944 2569 1003 2622 300.

290 2664 378 2711 Mulier
396 2678 457 2725 quae
474 2663 559 2710 multis
577 2663 655 2723 nubit,
673 2663 758 2709 multis
771 2675 819 2708 non
830 2661 916 2718 placet.
935 2658 963 2706 P.
974 2657 1038 2704 Srur

865 2747 926 2792 sent.
944 2737 1003 2790 301.

291 2833 355 2880 Malo
381 2834 407 2880 in
434 2833 534 2880 consilio
561 2832 664 2880 ferinae
690 2832 789 2879 vincunt
813 2830 887 2878 viros.
923 2828 951 2874 P.
976 2827 1040 2874 Srnr

865 2917 927 2962 seut.
945 2907 1004 2960 280.
1030 2957 1032 2963 ,
