2608 3524
642 385 676 437 89

314 555 389 616 Leges
416 569 430 602 a
456 558 543 604 scelere
573 557 706 617 deterrent3
740 562 868 618 praecepta
897 559 924 605 in
949 557 1055 606 efficium

263 639 430 688 adhortantur.
468 643 526 690 sas.
545 643 618 705 epist.
638 638 679 703 94,
698 640 739 692 37.

314 725 401 785 Legem
418 727 512 774 brevem
530 742 581 775 esse
599 731 702 788 oportet,
721 744 768 789 quo
786 729 881 777 facilius
895 730 924 776 ab
935 729 1055 788 imperitis

261 812 378 858 teneatur.
416 809 474 856 San.
494 813 566 874 epist.
586 809 627 874 94,
645 808 686 860 38.

313 894 388 954 Leges
406 896 481 943 bonae
499 911 528 943 er
545 897 614 944 malis
626 897 733 944 moribus
746 881 910 955 procreantur.
935 896 1053 944 Medeon.

292 977 294 982 '
630 985 680 1030 sat.
699 976 723 1042 3,
742 978 784 1043 17,
802 977 836 1029 10
854 978 889 1046 (2,
908 977 949 1044 13,
968 979 1019 1044 10).

266 1093 269 1098 -
296 1063 329 1111 Ut
346 1078 485 1112 aranearum
503 1065 564 1112 telae
581 1065 714 1113 infirmiore
736 1067 849 1114 animalia
873 1066 989 1128 retinent,
1012 1081 1053 1112 va·

261 1149 566 1207 lentiore-transmittunt,
590 1149 626 1197 ita
647 1150 741 1210 legibus
764 1151 868 1198 humiles
890 1155 914 1198 et
936 1165 1054 1210 pauperes

261 1234 471 1294 constringuntur,
494 1233 580 1282 divites
603 1239 627 1282 et
649 1238 819 1293 praepotentes
844 1251 891 1284 non
915 1236 1053 1296 alligantur.

332 1341 334 1347 2
353 1319 416 1365 Van.
436 1319 506 1364 Max.
520 1318 586 1378 sact.
604 1324 627 1368 et
645 1319 705 1368 dict.
724 1335 793 1369 mem.
813 1317 836 1382 7,
854 1316 877 1368 2.
898 1319 959 1370 Eri.
979 1316 1019 1370 14.

313 1400 376 1455 Quid
393 1405 458 1463 leges
476 1403 527 1450 sine
544 1403 652 1450 moribus

345 1502 419 1536 vanae
435 1489 579 1546 proficiunt?
615 1489 719 1535 Henna.
740 1504 815 1538 curm.
835 1485 860 1552 3,
879 1484 921 1551 24,
940 1485 1018 1552 susq.

312 1573 373 1620 Inde
390 1573 461 1622 datae
478 1574 557 1634 leges,
581 1588 610 1620 ne
633 1575 725 1622 firmior
749 1575 829 1622 omnia
851 1578 941 1634 posset.
978 1574 1053 1622 Ovis.

829 1659 900 1721 Just.
918 1655 944 1720 3,
961 1654 1019 1708 279.

311 1741 376 1796 Quid
393 1742 483 1792 faciant
501 1745 574 1804 leges,
594 1744 635 1791 uhi
653 1744 705 1791 sola
721 1744 822 1802 pecunia
839 1747 932 1804 regnat,

345 1831 387 1876 aut
405 1829 447 1876 uhi
463 1832 594 1888 paupertas
611 1829 705 1876 vincere
722 1829 789 1876 nulla
806 1828 901 1886 potest?
937 1828 1053 1874 Parnon.

669 1918 747 1974 satpr.
768 1910 808 1962 14.
828 1915 851 1973 §-
871 1908 894 1960 1.
914 1925 936 1958 a.
956 1908 1019 1974 leq.

465 2015 571 2062 Pereunt
589 2013 728 2062 discrimine
745 2016 812 2061 nullo

309 2099 413 2148 amissae
430 2099 507 2160 leges:
536 2100 578 2146 sed
595 2115 653 2158 pers
671 2099 789 2146 vilissima
805 2113 886 2145 rerum

311 2187 430 2231 certamen
447 2185 566 2245 movistis,
585 2199 650 2242 epea.
678 2183 779 2230 Lucan.
799 2182 889 2230 Phara.
908 2177 933 2242 3,
944 2176 995 2229 119
1003 2195 1054 2244 sqq.

309 2285 397 2333 Parete
422 2286 477 2346 legi,
500 2285 604 2346 quisque
627 2286 703 2346 legem
722 2283 837 2331 sanxeris.
874 2283 971 2331 Auson.
991 2287 1054 2343 sept.

741 2369 851 2430 sapient.
870 2370 934 2415 sent.
952 2362 978 2428 2,
996 2359 1020 2414 5.

612 2488 699 2534 Liber.

306 2586 415 2636 Liberis
428 2591 465 2636 est
478 2589 662 2648 existimandus,
680 2589 724 2648 qui
739 2587 800 2634 nulli
812 2585 962 2644 turpitudini
969 2586 1054 2633 servit.

666 2674 773 2722 Coenus.
791 2671 854 2720 rhet.
873 2665 899 2726 4,
919 2666 961 2732 17,
977 2665 1019 2719 24.

584 2824 726 2873 Liberaiia.

303 2927 412 2986 Repente
428 2927 538 2974 liberalis
556 2927 640 2974 stultis
658 2929 743 2986 gratus
761 2929 808 2986 eat,
