2596 3532
637 399 672 459 50

309 577 410 631 Quoties
429 593 524 626 neeesse
543 584 579 627 est
596 579 680 626 fallere
698 583 740 626 aut
756 578 809 626 falli
828 593 842 626 a
859 580 919 638 auis,

306 664 399 721 patiare
416 665 499 722 potina
517 665 577 725 ipse,
598 679 670 724 qaam
688 663 771 725 saaiaa,
785 665 870 712 aeelna.
897 665 958 712 sm.
976 664 1062 714 Phoe·

832 749 895 797 niae.
913 745 965 798 493
982 765 1018 812 sq.

666 834 773 881 Fallacia

305 917 353 964 alia
371 917 443 965 aliam
460 917 545 966 trudit.
582 917 699 965 'raama
710 919 793 968 Andr.
807 915 832 979 4,
844 913 870 978 4,
882 914 917 968 39
930 913 1003 980 (778)
1016 937 1057 983 aq.

612 1071 701 1118 Fama.

312 1189 344 1238 Ut
360 1189 426 1237 fama
444 1192 481 1236 eat
498 1189 599 1250 homini,
618 1189 673 1236 exin
691 1190 753 1236 solat
769 1191 895 1248 pecuniam
912 1190 1025 1237 invenire.

307 1275 360 1336 Ego
379 1275 401 1322 ei
417 1275 505 1321 bonam
522 1271 611 1320 famam
628 1274 689 1320 mihi
707 1289 829 1334 servasse,
854 1278 892 1322 eat
915 1289 955 1321 ero
978 1273 1057 1322 dives.

541 1359 641 1406 Pnann.
663 1355 738 1408 Most.
757 1355 780 1419 1,
799 1353 823 1415 3,
842 1354 875 1407 70
893 1355 964 1422 (227)
982 1375 1018 1422 sq.

308 1445 375 1491 Bona
392 1443 457 1492 fama
473 1444 498 1490 in
516 1444 622 1492 tenebris
642 1444 768 1504 proprium
786 1443 937 1502 splendorem
952 1445 1058 1492 obtinet.

444 1565 445 1571 ,
764 1530 791 1576 P.
812 1529 878 1576 sim
895 1533 958 1578 sent.
978 1525 1019 1578 67.

308 1614 381 1660 Fama
398 1617 478 1661 manat
496 1613 561 1661 faeti.
598 1614 672 1661 0v1n.
690 1613 753 1674 sasl.
773 1611 798 1672 2,
816 1610 874 1663 379.

308 1715 438 1762 Memorem
456 1714 544 1761 famam
562 1716 627 1774 quod
644 1715 704 1762 bene
716 1715 789 1763 eesait
801 1715 879 1762 habet.
905 1715 981 1762 Ov1n.
988 1715 1058 1776 saal..

916 1796 941 1860 2,
959 1795 1017 1849 380.

309 1885 382 1931 Fama
400 1886 456 1942 post
474 1884 564 1930 eineres
582 1886 660 1946 major
677 1885 750 1932 venit.
787 1885 862 1932 Ovin.
888 1899 918 1934 ex
937 1884 1010 1934 Pom.
1029 1881 1059 1943 4,

933 1965 975 2026 16,
993 1966 1017 2015 3.

310 2055 382 2112 Fama
399 2054 439 2100 vix
458 2067 515 2100 vero
532 2051 604 2100 favet.
642 2053 701 2101 sna.
721 2055 828 2116 Hippot.
847 2049 905 2102 269.

310 2137 400 2185 Minuit
417 2137 553 2196 praesentia
570 2136 665 2184 famam.
702 2138 848 2185 caiuma.
867 2138 897 2186 de
914 2137 966 2186 eall.
986 2133 1051 2185 Gall.

958 2215 1016 2270 385.

604 2306 705 2354 ramea.

309 2425 363 2473 eibi
381 2424 558 2472 condimentum
576 2428 612 2472 est
629 2424 713 2472 fames.
744 2425 796 2472 010.
815 2425 845 2472 de
857 2423 905 2486 fin.
925 2423 949 2485 2,
960 2421 1000 2480 28,
1010 2422 1051 2475 90.

310 2511 400 2557 Malum
412 2523 496 2568 panem
508 2509 555 2557 tibi
566 2514 675 2558 tenerum
688 2513 711 2558 et
724 2509 861 2570 siligineum
873 2509 948 2556 samaa
959 2510 1050 2558 reddet.

744 2594 804 2642 Sea.
824 2594 896 2656 epist.
916 2590 973 2656 123,
992 2591 1016 2641 2.

304 2681 386 2727 'Parvo
405 2678 479 2726 fames
498 2681 599 2737 constat,
618 2693 704 2738 magno
721 2677 854 2726 fastidium.
890 2679 950 2726 San,
975 2680 1053 2740 episi.

875 2759 916 2824 17,
935 2759 952 2812 3
970 2761 1014 2825 (4).

591 2849 709 2897 ‚Fatum

309 2953 369 3000 Fata
385 2949 447 2999 viam
464 2951 591 3000 invenient.
628 2952 703 2998 Vma.
722 2951 785 2999 Aen.
804 2945 830 3013 3,
848 2943 907 2998 395.
