2608 3524
648 373 699 427 128

327 547 396 594 Nihil
418 562 498 594 rerum
521 548 660 595 mortalium
682 551 732 594 tam
749 546 863 594 instabile
880 560 906 593 ae
923 545 1014 592 fluxum
1032 545 1069 589 est

275 645 347 689 quam
364 631 427 678 iama
443 633 565 690 potentiae
589 648 637 679 non
655 647 698 678 sua
715 632 739 678 vi
756 632 833 678 nixae.
870 631 958 676 Timr.
979 625 1065 676 annul.

931 708 972 774 13,
992 709 1032 760 19.

327 800 363 846 Ea
375 800 470 848 demum
482 805 535 850 tuta
552 805 589 848 est
600 802 717 862 potentia,
732 815 792 861 quae
804 799 895 847 viribus
908 798 960 845 suis
971 796 1069 844 modum

273 884 385 942 imponit.
422 886 486 934 Vsu.
504 887 574 933 Mnx.
588 887 654 947 fuet.
673 891 696 934 et
714 886 773 934 dict.
792 899 861 933 mem.
880 880 905 944 4,
924 879 947 931 1.
967 883 1024 932 Eut.
1043 878 1067 930 8.

327 983 449 1038 Quosdam
465 987 606 1046 praecipitat
624 989 731 1049 subjecta
747 987 856 1046 potentia
871 998 971 1046 magnae

325 1069 437 1131 invidiae,
454 1071 541 1132 mergit
557 1073 629 1133 longa
647 1077 718 1132 atque
730 1072 833 1132 insignis
844 1072 962 1117 honorum

325 1154 419 1214 pagine.
450 1156 546 1204 Juvnu.
563 1161 613 1206 set.
633 1155 674 1218 10,
691 1152 725 1206 56
743 1171 795 1219 sqq.

547 1291 672 1340 Potentia
692 1291 792 1340 divina.

326 1391 400 1439 Ludit
417 1393 571 1440 inhumanis
590 1393 670 1440 divine
687 1393 797 1452 potentia
813 1393 894 1453 rebus,

360 1479 384 1524 et
405 1479 494 1524 eertum
517 1492 629 1536 praesens
652 1480 693 1526 vix
710 1479 783 1526 habet
799 1479 859 1525 hora
876 1477 954 1524 fidem.
991 1475 1068 1522 Ovun.

720 1578 750 1611 ex
769 1563 841 1611 Petet.
859 1557 885 1623 4,
903 1556 927 1622 3,
946 1557 1033 1623 49511.

605 1698 735 1747 Potestas.

325 1797 436 1846 Stultitia
453 1801 489 1846 est
507 1800 529 1846 ei
546 1803 570 1847 te
588 1815 640 1846 esre
661 1801 772 1858 tristem,
797 1799 865 1859 eujus
887 1801 996 1858 potestas
1013 1799 1069 1856 plus

825 1887 914 1942 potest.

630 1971 730 2016 Pnnun.
752 1968 808 2017 Cae.
827 1963 852 2031 2,
875 1964 901 2029 4,
918 1965 936 2017 4
954 1963 1034 2032 (174).

323 2051 422 2099 Emitur
448 2053 501 2101 sola
527 2053 616 2101 virtute
641 2056 758 2112 potestas.
795 2054 942 2101 Gnuunmr.
970 2053 1000 2101 de
1018 2054 1068 2099 111.

778 2152 843 2187 cens.
863 2137 954 2186 Honor.
975 2133 1033 2186 188.

322 2221 390 2269 Nihil
415 2225 465 2269 tam
489 2221 571 2281 civile,
596 2225 646 2269 tam
670 2223 732 2270 utile
749 2225 799 2280 est,
823 2237 895 2282 quam
911 2223 1008 2269 brevem
1025 2237 1070 2279 po-

270 2307 384 2354 testatem
407 2322 472 2366 esse,
498 2321 558 2366 quse
582 2322 668 2368 magna
691 2311 735 2355 eet.
774 2308 835 2355 Suu.
858 2310 964 2356 contrua.
987 2301 1069 2368 zm),

907 2387 948 2441 23.
968 2393 991 2453 ς.
1010 2387 1033 2439 7.

586 2477 754 2538 Praeceptor.

322 2575 432 2633 Optimus
459 2576 562 2648 quisque
588 2581 729 2637 praeceptor
760 2579 897 2640 frequentia
926 2578 1014 2639 gaudet
1043 2592 1070 2624 ae

268 2659 359 2720 majore
377 2675 403 2706 se
419 2662 515 2709 theatro
533 2662 634 2722 dignum
651 2667 730 2722 putat.
767 2662 890 2716 Qunam.
909 2664 990 2712 instit.
1004 2666 1068 2710 erat.

920 2745 944 2806 1,
966 2744 991 2808 2,
1009 2744 1033 2795 9.

319 2829 491 2888 Praecepteres
514 2833 570 2891 plus
594 2833 685 2880 laboris
709 2834 738 2881 ab
762 2834 793 2880 iis
816 2833 943 2892 discipulis
962 2833 1070 2894 exigunt,
1111 2815 1114 2820 Ι

265 2913 291 2960 in
309 2914 398 2974 quibus
416 2916 505 2990 certior
522 2932 578 2976 spes
596 2922 640 2966 est.
678 2918 738 2968 Suu.
754 2919 784 2966 de
796 2919 893 2981 previd.
906 2913 932 2976 4,
952 2915 985 2966 10
1004 2911 1069 2981 (11).
