2608 3524
629 403 680 456 163

256 577 339 624 omnia
357 581 453 634 praeter
470 571 521 624 earn
538 578 647 638 subjecta
665 583 722 626 sunt
742 579 787 626 sub
810 579 922 627 fortunae
948 580 1058 627 domina-

258 660 356 708 tionem.
393 662 501 709 Ocnum.
522 659 585 710 citat.
603 659 629 722 4,
648 659 689 723 17,
707 659 748 711 24.

311 746 396 793 Brcris
409 761 423 793 a
435 750 522 794 natura
539 747 590 794 rita
606 748 677 794 nobie
694 747 751 796 data
763 752 808 810 eet,
827 753 852 797 at
870 750 982 797 memoria
999 751 1058 797 bone

260 829 370 878 roduitae
387 831 451 880 vitae
469 832 622 890 sempiterna.
660 832 713 880 Orc.
731 837 795 882 orat.
809 832 876 884 Pice.
897 831 937 891 14,
956 831 997 896 12,
1015 831 1056 885 32.

311 916 386 964 Nemo
404 931 490 975 parurn
508 916 550 964 diu
569 917 639 977 vixit,
657 917 700 976 qui
710 917 809 965 virtutis
821 919 941 976 perfectae
953 917 1059 977 perfeeto

258 999 358 1048 iunctus
376 1004 413 1049 est
430 1016 536 1048 munere.
572 1001 624 1049 Orc.
649 1001 724 1050 iiico.
742 1003 837 1064 stupui.
856 1000 880 1059 1,
898 999 942 1066 45,
961 999 1019 1054 109.

311 1086 393 1134 Vitam
405 1086 468 1146 regit
478 1085 586 1147 fortuna,
595 1099 643 1134 non
653 1087 778 1144 sapientie.
806 1089 859 1135 Orc.
875 1087 949 1138 Tusc-
960 1090 1056 1151 disput.

893 1168 918 1234 5,
937 1171 962 1233 9,
981 1172 1023 1224 25.

312 1255 373 1302 'i'ota
400 1255 489 1302 flebilis
516 1256 565 1304 rito
592 1262 637 1304 ost.
675 1258 735 1305 Snn.
760 1257 791 1306 de
812 1261 902 1306 couaot.
923 1258 956 1306 cd
975 1259 1058 1308 Marc.

818 1339 859 1402 10,
877 1337 895 1390 5
913 1339 966 1406 (ll,
987 1339 1021 1402 1).

313 1424 397 1473 Omnis
424 1425 473 1473 rita
501 1427 626 1474 seruitium
653 1431 696 1474 est.
742 1427 805 1476 Sos.
831 1426 861 1475 de
887 1432 987 1492 tranqu.
1016 1443 1057 1477 un.

937 1509 979 1572 10,
998 1509 1021 1560 d.

312 1596 425 1644 Hominis
449 1601 501 1644 tota
525 1597 574 1644 vito
592 1597 653 1644 nihil
671 1595 737 1644 aliud
755 1611 827 1657 quam
846 1597 876 1644 ad
894 1601 995 1644 mortem
1012 1598 1059 1645 iter

261 1685 309 1730 cet.
347 1682 409 1728 Sus.
428 1681 458 1730 de
475 1684 564 1730 cooeot.
584 1683 618 1730 od
638 1681 721 1743 Polyb.
741 1677 772 1730 11
792 1676 854 1743 (30),
877 1678 890 1728 1
910 1678 955 1746 (2).

313 1767 458 1814 Aristotelea
481 1767 571 1814 dicitur
595 1767 698 1814 dixisse:
735 1765 804 1828 ‘Ejus
829 1782 881 1814 casa
903 1768 978 1816 vitam
1002 1768 1058 1815 bea·

262 1849 390 1912 tiaeimam,
411 1851 480 1912 cujus
497 1853 520 1898 et
537 1850 649 1899 fortunae
667 1851 786 1909 sapientia
808 1856 832 1899 ct
850 1852 981 1909 sapientiae
1007 1851 1059 1899 for-

263 1939 322 1984 tuna
342 1935 497 1994 suppeditet!
533 1937 626 1983 Runa.
645 1937 709 1984 Lun.
728 1937 760 1984 de
772 1935 821 1998 fig.
838 1940 899 1984 cent.
915 1934 937 1985 1.
957 1937 980 1996 ᾖ.
999 1933 1024 1985 6.

315 2021 374 2068 Vive
393 2035 492 2080 rncnror,
511 2036 582 2081 quarn
601 2021 635 2068 sis
653 2022 705 2068 aevi
722 2021 809 2068 brevis.
844 2022 949 2068 Hom.
967 2026 1016 2070 eat.
1034 2019 1059 2081 2,

935 2101 959 2163 e,
979 2101 1020 2155 97.

314 2190 368 2237 Non
389 2189 468 2237 uivere
489 2189 578 2236 bonum
602 2194 648 2251 est,
673 2189 715 2238 sed
739 2190 798 2237 bene
816 2191 902 2238 vivere.
920 2191 1002 2250 itaque
1020 2206 1059 2238 ea-

263 2275 332 2332 piena
351 2275 418 2334 ririt,
436 2277 553 2334 quantum
571 2275 652 2334 dcbct,
672 2290 719 2323 non
741 2280 856 2336 qnantum
875 2280 963 2334 potcet.
1000 2276 1058 2322 Sus.

791 2362 864 2422 epist.
884 2354 925 2420 10,
943 2357 960 2408 2
978 2355 1024 2422 (3).

316 2441 392 2496 Quam
411 2445 469 2491 bene
487 2445 553 2491 rivas
571 2444 654 2505 refert,
672 2460 720 2493 non
737 2460 810 2506 quarn
827 2445 878 2492 diu.
914 2446 973 2493 sss.
986 2445 1060 2506 epist.

909 2526 966 2589 101,
985 2525 1026 2577 15.

315 2615 380 2669 Vita,
402 2616 424 2662 si
446 2616 482 2661 uti
507 2616 578 2676 scias,
607 2617 678 2675 longa
699 2618 744 2662 eet.
784 2615 847 2662 San.
873 2615 903 2663 de
927 2614 989 2662 erce.
1014 2615 1059 2662 ait.

955 2694 979 2756 2,
1000 2697 1023 2747 1.

317 2784 383 2832 Satis
403 2787 473 2846 ionga
491 2785 540 2833 rita
558 2789 581 2832 at
598 2785 624 2833 in
641 2785 800 2834 maximarum
816 2799 898 2833 rerum
910 2799 1060 2832 conaunnna-

263 2870 354 2918 tionem
373 2871 440 2929 large
458 2869 514 2917 data
540 2873 591 2930 aet,
610 2871 631 2917 ei
648 2874 701 2918 tota
719 2870 778 2918 bene
796 2871 961 2918 collocaretur.
999 2871 1060 2916 Sus.

761 2956 791 3004 cie
809 2955 872 3004 brev.
890 2956 934 3004 cit.
954 2952 977 3015 1,
996 2951 1019 3003 3.

857 3040 880 3077 11
889 3036 902 3062 *
