2608 3524
641 417 691 470 132

593 593 729 642 Prodesse.

315 699 434 747 Prodesse
459 697 501 756 qui
522 695 574 743 vult
590 709 633 742 neo
650 695 744 753 potest,
767 706 840 752 oeque
858 695 895 740 eet
913 691 994 739 miser.
1029 689 1058 736 P.

805 777 869 824 Srur
885 781 947 826 sent.
965 770 1024 826 383.

596 863 726 912 Proditor.

314 971 391 1019 Nemo
409 983 523 1029 umquem
541 967 637 1028 sepiens
660 965 781 1024 proditori
798 962 941 1012 eredendum
957 963 1060 1022 putavit.

663 1051 715 1098 010.
733 1051 769 1098 H.
796 1050 859 1098 verr.
879 1045 904 1105 1,
923 1043 964 1109 15,
983 1045 1024 1098 38.

313 1139 457 1188 Proditores
481 1137 554 1186 etiam
576 1137 608 1184 iis
633 1151 693 1196 quos
718 1136 866 1194 anteponunt
892 1134 965 1182 inuisi
994 1136 1059 1180 sunt.

683 1224 686 1229 '
723 1221 813 1267 Tlmr.
834 1221 921 1268 annal.
941 1215 965 1279 1,
983 1213 1024 1266 58.
1059 1243 1065 1248 -

591 1341 733 1390 Promisso.

313 1445 435 1494 Pollicitis
453 1444 519 1492 dives
538 1443 640 1504 quilibet
658 1457 710 1490 esee
727 1443 817 1500 potest.
845 1440 920 1488 Ovm.
941 1443 989 1488 ort.
1010 1453 1059 1487 um.

923 1523 948 1587 1,
965 1521 1024 1574 444.

312 1616 392 1663 Multa
410 1613 482 1661 fidem
499 1612 620 1672 promisse
636 1613 725 1673 lerunt,
742 1611 786 1659 ubi
802 1611 898 1670 plenius
915 1625 991 1671 eoquo

313 1699 397 1748 laudet
414 1699 518 1758 venales,
536 1697 578 1758 qui
595 1698 647 1746 vult
669 1696 804 1756 extrudere,
821 1710 920 1744 meroes.
954 1697 1059 1744 Homer.

759 1781 832 1843 epist.
851 1777 876 1842 2,
894 1778 919 1842 2,
938 1778 972 1831 10
989 1796 1025 1844 sq.

313 1869 459 1928 Priusquam
476 1868 615 1928 promittas,
634 1865 760 1928 deliberes,
778 1869 802 1915 et
820 1880 894 1926 quum
910 1865 1061 1926 promiseris,

258 1954 343 2003 feoiee.
381 1953 442 2003 ers.
461 1953 491 2001 de
508 1967 568 2000 mor.
587 1965 626 2000 no.
646 1946 687 1999 25.

586 2087 732 2136 Proximus.

311 2190 442 2238 Proximus
462 2204 515 2236 eum
533 2192 626 2249 egomet
643 2189 711 2236 milii.
748 2191 864 2237 Tuumne.
883 2190 963 2240 Andr.
988 2185 1014 2248 4,
1036 2185 1060 2246 1,

806 2270 1025 2338 4,1‚12(636).

308 2359 401 2406 Tunius
423 2359 523 2418 propior
547 2359 623 2417 pollio
642 2362 686 2406 est.
722 2360 824 2407 Pueuu.
849 2359 922 2409 Prin.
941 2356 966 2420 5,
984 2357 1009 2421 2,
1027 2354 1062 2408 30

508 2507 513 2516 Ι
928 2439 1026 2508 (1154).

498 2529 626 2577 Prudens.
663 2529 819 2578 Prudentis.

307 2631 441 2679 Prudentis
460 2631 541 2678 vultus
560 2631 633 2678 etiam
651 2631 770 2678 sermonis
794 2631 847 2679 loeo
865 2633 910 2678 eet.
946 2631 974 2678 P.
995 2629 1061 2678 Sum

374 2763 377 2767 .
884 2718 946 2764 sent.
966 2709 1025 2764 388.

308 2797 378 2853 Quod
395 2800 523 2858 prudentis
541 2801 616 2859 opus?
653 2800 734 2854 Quum
751 2800 839 2861 possit,
857 2801 923 2847 nolle
940 2814 1033 2847 nocere.

306 2884 373 2939 Quid
391 2885 463 2933 stulti
480 2886 621 2945 proprium?
657 2887 713 2933 Non
730 2900 817 2944 posse,
842 2889 867 2933 et
887 2885 949 2932 velle
968 2865 1061 2932 uooeress

497 2972 595 3018 Auser.
617 2976 681 3033 sepi.
701 2973 810 3034 sapient.
829 2972 891 3018 sent.
911 2965 936 3030 1,
955 2965 971 3018 6
988 2983 1025 3031 sq.
