2608 3524
616 369 666 429 153

552 549 638 598 Sidera
652 553 718 598 terra

297 637 324 680 ut
341 634 433 684 dietant
450 640 474 684 ct
490 636 586 683 flamma
596 635 676 694 mari,
699 635 733 682 sic
750 635 810 682 utile
827 639 911 688 recto.⁴
935 635 1037 684 Lucam.

746 718 839 767 Phara
856 717 882 780 8,
900 713 950 768 487
968 734 1004 781 sq.

277 821 430 881 ·Numquam
457 821 578 879 discrepat
605 822 665 868 utile
691 835 705 868 a
731 821 824 870 decere.
860 823 956 868 Auscis.
975 824 1040 883 sept.
1111 839 1117 849 ·

727 907 836 968 sapient.
855 911 918 954 seret.
936 903 962 967 4,
981 903 1004 955 1.

580 1041 701 1090 Utilitas.

295 1144 375 1202 'l'urpe
392 1143 488 1203 quidem
506 1144 580 1206 dictu,
598 1143 640 1190 ead
657 1169 692 1176 —
709 1144 731 1190 si
743 1143 813 1190 mcdo
826 1157 881 1192 vara
892 1143 996 1190 fatemur
1006 1169 1040 1176 -

329 1229 417 1288 vulgus
435 1229 553 1276 amicitias
571 1229 677 1277 utilitate
695 1230 790 1288 probat.
827 1229 903 1277 Ovm.
921 1243 952 1276 ca
966 1227 1041 1276 Pent.

547 1313 548 1316 ’
849 1310 1005 1376 ᾒᾶἶη

603 1400 682 1446 Uxor.

297 1501 364 1548 More
389 1501 431 1562 fit,
458 1501 543 1548 moriri
569 1516 637 1548 suam
664 1501 767 1562 quisque
794 1516 892 1548 uxorem
920 1503 947 1548 ut
975 1499 1042 1548 velit.

347 1579 351 1586 '
695 1587 816 1635 Posses.
835 1600 895 1633 com.
909 1585 946 1646 fr.
964 1581 1006 1634 31.

297 1670 362 1718 Uxor
379 1674 491 1718 contenta
509 1673 554 1732 cst,
572 1685 633 1730 quae
650 1671 713 1718 bena
731 1673 775 1730 est,
794 1685 841 1717 unc
855 1671 915 1717 vii-0.
939 1670 1041 1716 Pasce.

709 1756 782 1804 Mero.
805 1752 830 1816 4,
849 1753 873 1816 6,
891 1751 908 1804 8
927 1750 1005 1818 (812).

295 1841 412 1887 Homines
429 1839 477 1898 ipsi
494 1842 555 1887 hanc
573 1840 620 1887 sibi
638 1840 774 1887 molestiam
786 1841 850 1886 ultre
863 1843 934 1898 atquc
947 1854 1041 1886 aarum·

703 1939 759 1971 nam
777 1925 889 1984 efferunt,

295 2010 386 2058 ducunt
402 2023 497 2058 uxores.
533 2009 623 2056 Lecm.
641 2015 691 2058 sat.
711 2006 753 2070 26,
773 2007 787 2058 1
807 2009 844 2057 cd.
864 2005 977 2057 Gerlach.

298 2113 350 2158 Viri
373 2113 399 2158 in
423 2127 450 2158 eo
473 2112 555 2172 culpa,
581 2111 603 2158 si
620 2125 682 2157 uxor
699 2109 796 2156 medum
815 2111 915 2158 excedit.
951 2109 1043 2157 Tscm.

817 2199 904 2243 crescat.
923 2191 948 2256 3,
966 2190 1007 2242 34.

296 2280 351 2327 Non
378 2287 473 2330 amatur
499 2295 559 2328 anus
587 2296 648 2327 uxor
674 2281 723 2327 nisi
749 2281 871 2327 memoria.
916 2279 1043 2332 Qcmmi..

587 2413 591 2420 ,
622 2366 682 2415 dect.
704 2361 763 2414 306.
782 2381 805 2423 p.
825 2361 875 2413 188
893 2364 929 2412 ed.
952 2364 1008 2425 Ba'p.

297 2466 372 2513 Amor
389 2466 502 2524 perennis
521 2467 630 2530 conjugis
649 2471 728 2514 castae
748 2470 836 2514 manet.
874 2467 937 2515 Sem.
957 2463 1044 2514 Oetae.

949 2547 1006 2600 192.

577 2637 711 2686 variatas.

294 2738 432 2786 Jucundum
449 2739 580 2799 nihilcst,
604 2740 653 2788 nisi
678 2738 744 2799 quod
766 2740 845 2786 reiicit
867 2738 979 2786 varietas.
1015 2737 1044 2784 P.

785 2826 850 2872 Sam
868 2826 930 2871 sent.
949 2817 1008 2870 246.
