2608 3524
650 364 684 416 82

591 539 741 587 Iracundia.

322 641 450 699 Respicere
466 641 500 687 nil
519 641 642 688 consuevit
657 639 788 688 iracundia.
816 641 843 686 P.
855 640 919 688 Srur
930 644 993 689 aeni.
1003 635 1064 689 450.

322 726 474 773 Iraeuudiem
492 726 533 785 qui
550 725 633 785 vincit,
650 727 745 774 hostem
762 726 860 784 superat
871 725 1007 773 maximum.
1033 724 1062 771 P.

808 797 871 858 Sim
888 814 949 858 seret.
969 805 1026 859 520.

322 911 434 960 Felicitas
460 911 608 959 iracundiam
634 912 718 959 nutrit.
760 913 819 960 sm.
846 912 876 960 de
901 912 942 960 ira
969 909 994 973 2,
1020 909 1065 971 21,
1111 923 1112 926 ’

948 994 1027 1060 5(1).

607 1081 723 1130 sartura.

321 1185 409 1242 'impis
433 1187 469 1232 est
489 1184 597 1244 jactura,
621 1190 681 1242 quac
704 1183 732 1230 fit
755 1183 907 1244 negligentia.
943 1185 971 1231 P.
999 1185 1065 1232 Srar

889 1273 950 1317 sent.
969 1265 1028 1318 488.

621 1352 708 1400 Jecur.

251 1481 258 1490 .
319 1457 385 1505 Jocis
411 1456 550 1514 temperatis
581 1455 740 1512 delectamur,
767 1455 902 1501 immodicis
928 1457 1063 1504 irascimur.

624 1540 684 1588 Suu.
703 1539 733 1586 de
750 1543 827 1587 canat.
845 1553 901 1601 sap.
922 1537 962 1602 16,
980 1535 997 1588 3
1016 1538 1064 1603 (4).

616 1691 709 1739 iudex.

319 1795 398 1842 Judex
416 1795 556 1854 damnatur,
580 1809 653 1854 quum
670 1807 757 1840 nocens
775 1794 915 1842 absolvitur.
951 1793 978 1841 P.
999 1795 1063 1841 Sum

889 1882 949 1926 sent.
969 1873 1027 1927 247.

319 1963 383 2010 Beue
400 1963 480 2021 perdit
504 1978 626 2024 nummos,
645 1963 723 2024 judici
745 1977 805 2022 quos
829 1963 878 2023 dat,
902 1977 998 2010 nocens.
1033 1964 1063 2010 P.

826 2048 967 2095 Sumeret.
986 2044 1026 2096 56.
1127 2105 1130 2113 Ι

318 2132 390 2190 Apud
411 2133 500 2179 bouum
519 2132 625 2194 judicem
649 2136 789 2193 argumenta
811 2134 867 2190 plus
893 2145 964 2191 quam
988 2135 1065 2181 testes

265 2217 354 2263 valent.
390 2217 442 2263 C1c.
461 2217 491 2265 dc
508 2231 559 2278 rep.
580 2215 603 2278 1,
621 2213 664 2277 38,
682 2212 724 2265 59.
1041 2199 1044 2205 ’

317 2319 372 2364 Non
389 2317 449 2365 bene
467 2320 551 2368 selecti
565 2319 656 2380 judicis
674 2334 729 2366 arca
746 2321 819 2378 patet.
857 2318 932 2364 oum.
948 2332 1024 2367 emer.
1038 2315 1064 2378 1,

926 2397 968 2461 10,
985 2398 1026 2451 38.

317 2486 399 2533 Bonus
423 2487 498 2548 judex
520 2488 617 2536 damnat
640 2487 810 2547 improbanda,
834 2503 882 2534 uon
906 2487 965 2534 odit.
1002 2489 1063 2536 Sura.

794 2573 824 2620 de
841 2573 880 2620 ἱνα
902 2569 925 2632 1,
943 2567 984 2633 16,
1002 2568 1026 2620 6.

315 2657 392 2703 Nemo
415 2672 463 2704 non
486 2657 603 2717 benignus
626 2661 663 2704 est
687 2658 725 2704 sui
740 2657 822 2718 judex.
859 2656 918 2704 Sus.
938 2656 967 2704 de
985 2656 1061 2716 benef.

899 2737 924 2801 2,
942 2734 984 2801 26,
1002 2737 1026 2789 2.

316 2824 378 2872 Boni
396 2825 486 2886 judicis
510 2831 546 2874 est
570 2827 709 2885 dispensare
733 2841 781 2873 non
804 2828 899 2874 tantum
917 2824 977 2884 quid
994 2825 1063 2872 dam—

263 2910 427 2972 academie,
446 2911 487 2959 sed
505 2914 630 2971 quatenus.
667 2911 726 2959 Suu.
746 2911 776 2959 de
793 2924 853 2960 mer.
872 2923 911 2957 rao.
930 2905 971 2958 96.
