2596 3532
651 401 684 452 66

322 572 425 618 Heredis
444 573 515 620 fietus
534 573 578 619 sub
596 589 699 631 persona
716 575 781 622 risus
799 579 842 622 est.
878 575 906 622 P.
921 574 985 621 Srar
1001 579 1063 625 rent.

969 656 1027 710 187.

319 741 382 788 Male
401 757 480 789 seeum
505 742 556 802 egit
573 757 658 804 aeger,
676 743 794 791 medicum
812 745 853 804 qui
870 745 980 792 heredem
998 744 1063 793 feeit.

761 828 788 875 P.
808 829 871 876 Srar
889 833 950 878 sent.
969 825 1027 880 270.

597 911 726 960 Historia.

318 979 417 1026 Nescire
435 979 494 1038 quid
511 983 566 1028 ante
591 993 662 1038 quam
685 985 756 1029 uatus
775 983 809 1027 sis
827 981 954 1042 acciderit,
976 981 1003 1028 id
1026 987 1063 1030 est

268 1077 361 1122 semper
379 1077 431 1110 esee
448 1077 556 1122 puerum.
592 1064 644 1111 Orc.
663 1071 726 1114 orat.
745 1060 863 1127 34,120.

321 1148 432 1195 Historia
450 1163 498 1196 uon
516 1150 688 1210 assentationi,
706 1150 748 1197 sed
765 1150 821 1197 fidei
838 1150 982 1210 veritatique
999 1166 1063 1199 coni-

267 1233 373 1290 penitur.
410 1233 486 1280 Purra.
505 1235 576 1295 epiri.
597 1229 620 1294 7,
640 1230 680 1294 17,
698 1230 722 1282 3.

319 1317 368 1364 Nee
386 1317 490 1365 historia
507 1317 576 1365 debet
595 1318 676 1378 egredi
692 1319 818 1368 veritatem
836 1323 859 1367 et
877 1320 976 1367 honeste
992 1317 1064 1366 fectis

266 1402 354 1450 veritus
373 1401 470 1450 suffieit.
506 1402 580 1448 Purra.
600 1403 673 1464 epist.
694 1399 718 1464 7,
736 1398 778 1463 33,
798 1400 838 1452 10.

317 1486 385 1534 Nihil
409 1491 447 1536 est
469 1486 495 1533 in
517 1486 621 1534 historia
642 1502 703 1545 pure
726 1492 750 1536 et
767 1488 858 1536 illustri
875 1488 992 1536 brevitate
1009 1487 1062 1534 dul·

266 1572 324 1619 eius.
361 1571 413 1618 cm.
433 1571 510 1620 Brut.
530 1568 571 1632 75,
589 1567 649 1620 262.

320 1758 403 1816 Lupus
422 1759 546 1805 esthemo
564 1691 730 1818 hemliir‘ijnrien
747 1760 827 1818 hemo,
845 1773 917 1817 quom
934 1759 1013 1818 qualis
1031 1759 1065 1807 sit

767 1858 815 1890 non
832 1843 907 1890 nevit.

602 1926 701 1974 Pueri.
720 1929 792 1977 Asin.
811 1924 836 1987 2,
853 1923 879 1988 4,
897 1924 931 1976 88
949 1923 1027 1989 (495).

320 2011 384 2065 Quot
412 2011 533 2072 homines,
560 2014 597 2058 tot
621 2011 767 2058 sententiae:
803 2026 861 2058 suus
890 2011 974 2071 cuique
1003 2026 1063 2058 mes.

561 2096 674 2142 Tartaru.
694 2094 793 2142 Plrerm.
813 2091 838 2155 2,
855 2092 880 2156 4,
900 2092 932 2144 14
951 2092 1028 2158 (454).

318 2174 383 2233 Quot
402 2180 506 2238 capitum
523 2180 615 2240 vivunt,
633 2180 734 2228 totidem
752 2180 887 2227 studiorum

317 2266 391 2312 milia.
422 2265 523 2311 Hoasr.
541 2268 589 2312 eei.
609 2262 634 2325 ⁶2,
653 2263 677 2324 1,
695 2259 736 2312 27.

319 2352 408 2399 Natum
426 2350 452 2396 in
470 2363 538 2397 eures
555 2349 679 2395 hominum
697 2357 778 2408 genus.
815 2350 922 2396 'lurum
942 2363 1019 2397 carm.
1038 2345 1063 2411 3,

958 2429 983 2494 4,
1002 2430 1025 2482 9.

321 2518 499 2578 Quamcumque
516 2518 630 2564 miserum
648 2517 746 2578 videris,
764 2511 884 2564 h'omiuem
901 2518 971 2565 seiae.
1002 2518 1062 2566 Seru.

804 2603 881 2650 Here.
895 2600 950 2662 sur.
968 2597 1028 2651 463.

316 2689 401 2735 Plures
411 2687 520 2734 homines
531 2690 587 2733 sunt
596 2685 700 2748 mali(oi
711 2684 839 2734 πλεῖστοι
848 2682 946 2748 κακοί).
966 2687 1062 2735 Auser.

662 2769 714 2818 iud.
733 2774 795 2832 sept.
814 2771 924 2831 sapient.
945 2769 968 2832 1,
987 2769 1027 2820 12.

317 2855 381 2912 Quid
406 2859 444 2904 esi
467 2855 559 2903 homini
589 2855 799 2910 inimicissimum?
826 2855 905 2902 home.
943 2857 1003 2904 Sere.
1034 2858 1064 2905 de

863 2953 922 2988 mor.
942 2953 983 2988 rro.
1002 2937 1026 2990 5.
