2608 3524
638 395 689 448 148

596 568 727 618 Tarditas.

319 670 445 729 Plerisque
462 669 488 716 iu
504 669 576 715 robus
594 669 703 729 g'erendie
721 671 825 719 tarditas
838 673 861 719 et
874 671 1061 729 procrastinatio

265 755 350 802 odiosa
368 757 412 801 est.
449 754 501 802 Orc.
521 759 584 802 orat.
605 753 672 803 Pia.
691 753 715 817 6,
733 753 757 816 3,
778 751 800 804 7.

586 891 742 941 Temeritas.

319 992 451 1040 Temeritas
469 995 506 1040 est
522 993 631 1040 florentis
649 993 744 1054 aetatis,
761 992 891 1051 prudentia
908 992 1061 1040 senescentis.

716 1077 768 1125 Cro.
787 1077 818 1125 de
834 1083 922 1127 senect.
941 1073 966 1138 6,
985 1074 1026 1127 20.

319 1163 375 1210 Non
392 1177 486 1221 semper
503 1162 625 1210 temeritas
643 1165 680 1210 est
697 1161 763 1209 felix.
789 1161 847 1210 Liv.
858 1162 917 1211 hist.
927 1159 969 1224 28,
981 1159 1023 1221 42,
1037 1159 1061 1210 7.

316 1247 449 1295 Temeritas
468 1247 512 1294 sub
530 1247 602 1295 titulo
625 1247 778 1296 fortitudinis
801 1248 869 1296 latet.
906 1247 967 1296 sm.
988 1249 1060 1309 epist.

883 1327 927 1392 45,
945 1327 962 1380 6
981 1327 1026 1394 (7).

317 1417 396 1464 Unum
425 1421 462 1464 est
488 1417 632 1465 temeritatis
660 1417 774 1465 solatium
805 1420 921 1476 perpetua
949 1415 1062 1464 felicitas.

513 1501 593 1548 Curru.
618 1502 648 1550 de
671 1506 732 1563 gest.
750 1500 823 1550 Ater.
842 1498 866 1562 9,
886 1496 903 1548 9
921 1495 985 1566 (34),
1002 1496 1026 1548 3.

318 1589 394 1634 Caeca
411 1589 448 1633 est
465 1587 602 1647 temeritas,
620 1600 680 1645 quae
697 1587 759 1646 petit
776 1600 857 1634 casum
875 1586 965 1633 ducem.
1002 1585 1061 1632 Suu.

857 1672 948 1733 Agum.
968 1664 1026 1718 145.

565 1755 759 1815 Temperantia.

318 1857 366 1911 Qui
383 1858 519 1915 voluptates
542 1870 598 1903 suas
620 1856 780 1914 temperantia
796 1856 900 1905 frenavit
917 1872 943 1906 ac
962 1857 1063 1915 domuit,

264 1945 341 1992 inulto
364 1943 443 2003 majus
467 1940 538 1988 decus
556 1941 717 2001 majoremque
743 1941 868 1989 victoriam
890 1942 939 1989 sibi
960 1941 1062 2001 peperit,

266 2043 339 2088 quarn
355 2028 426 2075 hoste
442 2026 506 2074 vieto
523 2025 629 2072 haberet.
665 2025 721 2071 L1v.
741 2024 802 2074 trist.
820 2021 862 2088 30,
881 2023 922 2089 14,
941 2022 964 2074 7.

316 2113 395 2160 Multo
424 2126 449 2158 se
479 2111 560 2169 ipsum
585 2124 656 2169 quam
680 2111 775 2158 hostem
801 2126 914 2170 superare
937 2110 1062 2170 operosius

263 2202 309 2245 est.
347 2198 413 2244 Vnn.
432 2196 502 2242 Max.
516 2194 583 2255 fact.
602 2198 627 2243 et
643 2195 702 2244 dict.
725 2210 793 2243 mem.
812 2191 837 2256 4,
856 2193 880 2257 1,
897 2192 922 2245 2.

316 2279 410 2334 Quanto
429 2281 532 2341 quisque
550 2279 597 2326 sibi
614 2280 685 2336 plura
702 2279 834 2340 negaverit,

317 2367 346 2412 ab
365 2366 403 2413 dis
420 2367 491 2424 plura
507 2363 576 2412 ieret.
612 2363 717 2411 Honor.
737 2379 813 2413 curm.
832 2359 857 2425 3,
875 2359 917 2424 16,
935 2357 968 2410 21
986 2377 1021 2426 sq.

600 2501 721 2559 Tempus.

315 2604 425 2651 Honesta
442 2603 481 2649 lex
499 2605 536 2650 est
555 2602 672 2660 temporis
695 2601 835 2649 necessitas.
871 2600 899 2647 P.
918 2599 982 2647 Sum
999 2601 1061 2646 seut.

968 2679 1026 2732 197.

276 2801 278 2808 .
313 2774 431 2832 Tempora
447 2772 571 2829 labuntur,
589 2771 719 2830 tacitisque
737 2770 883 2817 senescimus
901 2769 980 2829 aunis,

347 2861 371 2905 et
388 2857 487 2918 fugiunt
503 2856 572 2904 freno
589 2870 638 2904 non
654 2858 790 2903 remorante
809 2854 868 2902 dies.
904 2854 980 2902 orm.
994 2853 1060 2914 fast.

878 2935 904 2998 6,
923 2934 972 2987 771
989 2954 1025 3000 sq.
