2596 3532
623 411 639 466 9

569 567 694 618 Ambitio.

286 653 354 702 Licet
370 653 424 712 ipsa
441 645 527 700 vitium
545 653 578 700 sit
589 653 697 715 ambitio,
715 654 853 714 frequenter
863 656 943 704 temen
957 672 1029 706 cause

234 739 351 786 virtutum
369 741 413 786 est.
450 738 570 792 Quium.
590 739 670 786 instit.
688 744 751 788 eret.
771 737 794 799 1,
811 737 836 800 2,
855 737 896 789 22.

286 825 341 872 Non
358 823 432 871 fumes
449 823 519 870 nobis
537 823 627 870 ventris
645 824 723 870 nostri
745 839 830 884 magno
853 830 960 886 constat,
985 828 1027 876 sed

235 909 342 957 ambitio.
378 909 439 956 sm.
458 908 529 970 epm.
547 904 589 967 63,
607 903 631 956 3.
884 897 887 900 ’

490 1006 604 1056 Amieus.
640 1009 774 1057 Amicitia.

286 1095 383 1142 Amicus
407 1098 485 1142 eertus
509 1095 535 1140 iu
557 1109 582 1140 re
606 1095 697 1141 incerte
714 1095 826 1142 cernitur.
863 1096 927 1142 Eure.
958 1099 1024 1158 trag.

788 1179 824 1238 sr.
842 1173 894 1228 428
912 1175 991 1242 (388).

286 1265 324 1311 Ne
340 1263 399 1323 quid
416 1267 538 1322 exspectes
555 1264 657 1323 emices,
682 1263 746 1322 qued
769 1267 821 1311 tute
838 1278 907 1324 egere
923 1265 1024 1322 possies.

422 1349 486 1395 Eum
505 1352 585 1396 satur.
598 1347 639 1410 J'r.
658 1343 699 1396 38.
717 1363 740 1406 p.
762 1344 810 1396 161
828 1349 865 1396 sd.
893 1347 990 1397 Vahlen.

243 1437 244 1440 ’
287 1433 361 1481 Peuci
378 1447 407 1479 ex
423 1433 506 1480 multis
526 1435 582 1479 sunt
599 1433 677 1492 emisi,
695 1433 787 1480 homiui
811 1433 870 1480 certi
887 1433 930 1492 qui
953 1433 1023 1480 sient.

530 1518 628 1564 Puuur.
649 1517 738 1565 Pseud.
758 1515 781 1577 1,
799 1513 824 1578 3,
843 1513 892 1565 156
911 1512 990 1580 (390).

288 1605 314 1650 Is
326 1608 363 1651 est
377 1605 474 1664 amisus,
493 1603 571 1661 quiin
583 1616 609 1648 re
621 1601 694 1648 dubie
705 1617 731 1648 re
740 1603 816 1662 juvet,
835 1601 857 1648 si
869 1616 894 1648 re
907 1605 944 1649 est
955 1617 1023 1660 epus.
1074 1615 1077 1619 ·

561 1687 659 1732 Pusur.
679 1685 754 1750 Epid.
774 1682 797 1746 1,
815 1681 840 1746 2,
859 1683 892 1735 10
910 1681 989 1748 (107).

287 1773 402 1822 Omnibus
428 1773 511 1820 amieis
537 1771 601 1830 qued
626 1771 686 1817 mihi
715 1774 752 1818 est
779 1770 849 1827 cupio
878 1785 930 1817 esse
957 1771 1023 1817 item.
1056 1761 1057 1765 ¹

579 1856 678 1902 Pusur.
701 1855 771 1904 Trz'u.
790 1852 814 1914 1,
832 1850 857 1916 2,
876 1851 908 1904 16
926 1851 988 1918 (54).

439 1943 502 1988 Bene
520 1941 541 1988 si
559 1941 634 1988 amieo
650 1939 743 2000 seueris,

287 2042 317 2074 ue
333 2027 414 2087 pigeat
430 2025 528 2074 fecisse:
557 2027 583 2071 ut
599 2025 681 2083 potius
697 2025 798 2086 pudeat,
826 2026 848 2072 si
864 2039 912 2071 uon
929 2023 1022 2072 feceris.

516 2111 613 2160 Pusur.
637 2109 708 2158 Trin.
728 2107 752 2169 2,
770 2107 794 2169 2,
813 2107 846 2158 66
864 2105 934 2172 (347)
952 2123 987 2172 eq.

288 2197 427 2244 Communia
445 2199 501 2243 sunt
517 2195 647 2242 amicorum
664 2195 728 2242 inter
745 2209 769 2240 se
787 2195 873 2242 omniu.
907 2195 1022 2240 Turtures.

647 2278 752 2340 Adelph.
771 2275 795 2339 5,
813 2275 838 2339 3,
857 2276 889 2327 17
910 2275 988 2340 (804).
1016 2299 1019 2305 ·

287 2367 488 2424 Amicissimum
511 2367 640 2424 quaerunt,
667 2377 717 2410 rem
741 2364 843 2422 parasiti
869 2379 895 2410 ee
919 2363 1022 2410 diuitias.

677 2447 766 2503 Luem,
784 2453 832 2498 set.
851 2444 891 2497 27.
903 2446 945 2510 sr.
964 2443 988 2495 2.
1066 2489 1073 2506 ,

289 2537 349 2584 Geve
368 2535 469 2582 smieum
486 2533 581 2594 eredes,
606 2532 655 2579 nisi
678 2533 700 2579 si
722 2547 791 2592 quem
813 2533 959 2591 probaveris.
994 2531 1021 2578 P.
1169 2519 1174 2526 ’

789 2619 852 2666 Sum
868 2621 928 2665 rent.
947 2610 988 2664 85.

287 2707 326 2753 Ite
335 2705 435 2752 amicum
445 2703 541 2762 habeas,
550 2717 620 2760 posse
629 2707 657 2750 ut
665 2703 735 2751 feeile
744 2703 797 2750 fieri
810 2703 933 2749 inimicum
944 2703 1021 2759 putes.

713 2789 751 2834 -Ρ,
771 2789 834 2836 Sum
850 2791 911 2834 sent.
929 2781 987 2834 522.

287 2875 430 2933 Plerumque
447 2873 471 2920 ih
490 2869 623 2920 eelemitete
640 2887 669 2919 ex
686 2873 768 2921 amieis
784 2871 876 2920 inimici
896 2871 1021 2918 exsistunt.

558 2958 634 3004 Usus.
656 2955 685 3004 de
703 2956 761 3005 belle
779 2958 825 3006 cie.
844 2953 868 3017 3,
887 2951 944 3016 104,
964 2951 987 3002 1.
