2608 3524
637 379 687 432 156

636 553 694 600 Via.

317 653 393 701 Nemo
416 653 452 701 ire
470 669 613 716 quemquam
631 655 728 715 publiea
747 654 860 712 prohibet
878 653 923 700 via.
960 651 1058 699 Pnnuu.

808 739 879 787 Cure.
899 734 923 795 1,
943 732 1025 797 1‚3o.

318 822 433 872 Constitit
450 825 512 871 nulli
529 825 567 871 via
584 829 641 872 notu
658 839 750 884 magno.

318 907 392 963 Vade,
411 923 458 969 que
476 912 555 957 tutum
572 909 662 967 populo
679 909 764 967 priori.
801 910 860 956 Suu.
876 907 943 956 Med.
961 901 1058 970 tu3sq.

464 1044 635 1092 vicissitudo.
670 1045 748 1092 Vioen
766 1057 860 1091 rernm.

318 1143 429 1192 Omnium
446 1161 535 1206 rerum,
554 1147 622 1206 heus,
640 1145 782 1193 vinissitudo
794 1149 838 1192 est.
865 1146 979 1192 Tenem.
993 1143 1059 1191 Eun.

807 1228 832 1291 2,
850 1227 875 1289 2,
893 1225 927 1277 45
946 1222 1025 1291 (276).

317 1331 405 1377 Breues
429 1333 453 1378 et
473 1331 602 1378 mutabiles
624 1331 687 1377 vices
711 1346 792 1378 rerum
816 1333 886 1390 sunt,
916 1334 939 1378 et
963 1329 1061 1377 fortuna

265 1429 395 1476 numquam
422 1417 563 1474 simpliciter
589 1415 707 1476 indulget.
745 1393 835 1463 donn*
850 1415 879 1462 de
903 1419 964 1476 gest.
988 1416 1059 1464 Alex.

808 1495 1025 1563 mmmm

531 1619 630 1668 Viotor.
666 1619 793 1668 Victoria.

316 1719 359 1767 Bis
371 1719 453 1780 vineit,
466 1720 545 1780 quise
556 1721 631 1769 vineit
648 1722 673 1769 in
685 1722 793 1770 victoria.
822 1722 849 1768 P.
862 1722 926 1770 Sunt
940 1721 1003 1769 seut.
1017 1713 1057 1769 64.

316 1805 401 1853 Potest
425 1805 548 1852 victorium
572 1807 643 1854 mulie
666 1823 738 1867 quum
759 1821 841 1865 pacem
862 1805 964 1853 unimus.
1001 1805 1058 1852 an.

785 1890 844 1938 uisu.
863 1886 906 1951 30,
924 1885 966 1950 30,
987 1883 1026 1937 15.

470 1973 545 2032 Saepe
563 1975 622 2022 utile
640 1976 703 2022 vinci

315 2058 414 2106 victoris
438 2059 528 2116 placidi
549 2059 607 2107 feeit
630 2062 756 2108 elementia
777 2061 870 2108 multis.
907 2059 983 2106 ovio.
1003 2059 1059 2106 met.

896 2139 921 2204 8,
940 2140 974 2192 56
990 2157 1026 2206 sq.

315 2227 402 2274 Pacem
418 2227 501 2274 reduci
518 2229 578 2274 velle
596 2229 682 2276 victori
699 2229 805 2290 expedit,

315 2311 378 2359 vieto
396 2327 491 2359 necesso
509 2318 553 2361 est.
590 2314 652 2360 Seu.
672 2313 746 2362 Herc.
762 2314 816 2374 sur.
835 2309 887 2362 368
903 2328 939 2376 sq.

315 2395 396 2449 Quum
413 2397 491 2444 vietor
508 2413 574 2446 urmu
591 2399 682 2458 posuit,
701 2403 725 2446 et
743 2399 832 2446 vietum
850 2398 918 2446 decet

315 2481 432 2539 deponere
449 2482 512 2529 odiu.
550 2483 608 2528 sm.
628 2483 702 2530 Herc.
716 2483 771 2544 fur.
790 2478 841 2532 409
857 2497 893 2546 oq.

315 2581 489 2643 Quodoumque
506 2585 579 2632 libuit
596 2584 674 2631 fecere
686 2583 781 2644 victori,
800 2583 863 2631 lieet.
892 2585 951 2632 suu.
968 2581 1059 2631 Troud.

968 2664 1027 2716 335.

468 2753 543 2800 Nulla
559 2757 596 2801 est
614 2753 715 2801 victorie
732 2755 818 2816 major,

315 2851 387 2896 quam
406 2852 467 2897 quae
485 2837 607 2884 confessos
626 2838 705 2884 animo
724 2853 819 2898 quoque
837 2839 952 2900 subjugat
969 2840 1060 2884 hostes.

444 2922 591 2970 Cenunmu.
611 2923 641 2972 de
659 2924 701 2969 VI.
722 2937 787 2972 coras.
808 2923 902 2971 Houor.
921 2917 972 2972 248
989 2937 1024 2984 sq.
