2596 3532
625 359 656 412 71

563 534 717 594 Imperator.

294 650 349 697 Non
365 653 446 708 potest
462 652 591 700 exereitum
609 653 630 699 is
648 653 769 700 continere
782 653 920 710 imperator,
943 652 986 711 qui
1010 665 1036 698 oo

243 734 298 792 ipse
315 749 363 781 non
381 736 493 785 eontinet.
530 737 581 784 Cio.
601 737 631 784 de
648 740 709 799 imp.
729 735 814 798 Pomm
834 734 874 797 14,
893 732 934 786 38.

296 836 377 885 Sciant
394 837 503 884 homines
520 837 583 884 bono
597 839 740 898 imperatore
749 839 813 885 hund
826 839 906 899 magni
917 838 1039 886 fortunam

243 921 357 968 momenti
375 935 434 981 osee,
453 926 554 970 utentem
572 924 736 982 rationemque
754 923 881 970 dominari.
906 923 963 970 an.
978 922 1037 970 uiso.

837 1005 878 1069 22,
901 1004 943 1067 25,
962 1003 1002 1056 14.

296 1092 462 1149 Impereturus
481 1091 592 1138 omnibns
610 1094 669 1153 eligi
687 1093 756 1140 debet
774 1107 803 1139 ex
821 1093 938 1140 omnibus.
965 1093 1038 1140 Pom.

548 1190 640 1240 paneg.
661 1173 685 1236 7,
703 1173 727 1224 5.
747 1204 779 1214 -
800 1177 836 1240 Cf.
855 1179 914 1226 Dux
930 1177 1003 1226 belli.

563 1329 713 1392 Imperitos.

293 1449 397 1496 Homine
418 1449 530 1508 imperito
553 1463 682 1508 numquam
706 1449 835 1508 quidquam
860 1449 976 1510 injustius
993 1451 1038 1496 ost.

547 1535 660 1582 nouom.
679 1533 785 1596 Adelph.
801 1530 825 1594 l,
843 1531 869 1594 2,
888 1529 921 1582 18
939 1528 1001 1598 (98).

563 1685 712 1746 Imperium.

292 1804 371 1852 Facile
389 1807 425 1852 eet
442 1805 569 1863 imperium
586 1805 612 1852 in
629 1805 713 1853 bonos.
749 1806 847 1854 Pnuun.
862 1805 920 1854 Mu.
933 1807 997 1866 glor.
1010 1800 1036 1864 3,

826 1886 850 1952 1,
870 1886 901 1938 17
920 1885 1000 1953 (611).

292 1973 345 2026 Quo
368 1975 422 2034 quis
448 1975 503 2032 plue
524 1979 618 2034 potest,
647 1989 674 2022 eo
697 1974 844 2022 moderatius
869 1975 971 2034 imperio
998 1975 1037 2022 uti

241 2059 319 2108 debet.
355 2059 412 2106 Lm.
432 2058 489 2106 hist.
507 2055 549 2120 34,
569 2056 593 2118 7,
614 2057 652 2108 lo.

293 2145 391 2192 Nullum
409 2148 446 2192 est
467 2144 595 2202 imperinm
617 2148 696 2192 tntum
720 2145 768 2192 nisi
792 2143 957 2192 benevolentia
983 2157 1036 2188 mu-

241 2229 327 2276 nitum.
363 2229 443 2276 Gonu.
461 2229 524 2274 Nun.
542 2229 616 2277 Dion.
634 2225 659 2288 5,
676 2225 701 2278 4.
1119 2279 1123 2282 ,

291 2313 367 2362 Nemo
393 2313 463 2360 alteri
488 2313 616 2372 imperium
642 2315 724 2360 volens
755 2312 870 2361 concedit.
918 2311 1037 2358 Peenno·
1120 2312 1122 2318 ’

515 2401 642 2447 Smnusn.
662 2398 691 2446 de
709 2398 760 2446 ord.
780 2411 831 2459 rep.
851 2393 958 2458 1,1.§.
977 2392 1001 2445 4.

292 2483 368 2529 Nemo
390 2497 504 2542 umquem
529 2483 657 2542 impeninm
684 2483 776 2544 flagitio
803 2482 938 2541 quaesitum
967 2480 1038 2527 boni·

241 2566 335 2614 ortibus
353 2568 466 2615 exercuit.
502 2568 591 2614 Tuom.
611 2566 670 2616 out.
690 2563 714 2628 1,
732 2563 772 2616 30.

293 2652 347 2698 Nou
370 2651 417 2698 olio
440 2651 513 2700 iacies
537 2656 574 2700 est
597 2652 673 2712 quieti
696 2651 830 2711 moratique
853 2649 948 2708 imperii
967 2663 1039 2710 qnam

241 2737 320 2784 sereni
337 2736 398 2784 eooli
415 2739 438 2783 ot
456 2736 564 2784 nitentis.
601 2739 660 2785 Suu.
680 2737 710 2785 de
727 2735 794 2786 clem.
815 2731 837 2796 1,
860 2732 883 2795 7,
902 2732 926 2783 2.

293 2822 408 2883 Mojestos
426 2820 521 2880 imperii
539 2822 626 2870 solutio
644 2826 681 2869 est
699 2823 782 2870 tutelo.
819 2822 898 2868 Gonu.
923 2820 953 2868 do
976 2824 1039 2881 gesto

713 2898 785 2954 Aloe.
803 2905 828 2966 8,
846 2903 863 2954 i)
881 2899 944 2968 (181,
964 2901 1004 2954 ll.
