2608 3524
625 363 674 418 119

458 537 545 584 Levius
563 537 591 586 fit
607 538 733 600 patientia,

303 621 423 683 quidquid
440 623 559 682 corrigere
577 627 613 671 est
630 622 706 670 nefas.
741 623 845 678 Honae.
864 638 941 672 carm.
961 621 985 685 1,
1004 619 1046 683 24,

923 704 956 757 19
973 723 1009 771 sq.

303 792 414 840 Perferre
426 792 530 840 obdura!
553 792 621 840 dolor
638 793 678 840 hie
696 793 742 840 tibi
759 793 867 852 proderit
879 793 943 840 elim.
969 793 1045 840 Ovio.

791 891 868 928 emor.
885 875 910 940 3,
929 876 970 940 11,
989 875 1012 927 i.

304 961 426 1020 Optimum
444 967 482 1010 est
498 963 558 1024 peti,
577 962 641 1023 quod
659 963 782 1010 emendare
800 977 847 1010 non
860 964 948 1021 possis.
985 963 1045 1010 Sext.

815 1049 888 1109 epist.
910 1043 969 1106 107,
987 1045 1012 1097 9.

303 1133 382 1180 Unum
403 1135 440 1179 est
461 1133 620 1180 levamentum
637 1134 755 1180 malorum
772 1132 919 1194 ingentium,
946 1133 998 1190 pati
1025 1135 1049 1179 et

251 1216 436 1265 necessitatibus
454 1217 505 1263 suis
524 1217 630 1277 obsequi.
667 1218 727 1264 sna.
744 1217 773 1264 de
790 1217 830 1264 ira
849 1211 874 1278 3,
893 1214 934 1278 16,
954 1215 978 1267 l.

457 1301 549 1350 Gaudet
567 1303 684 1360 patientia
702 1303 784 1361 durie;

302 1387 389 1435 laetius
415 1389 464 1448 ast,
488 1387 583 1447 quoties
602 1402 688 1448 magno
709 1387 756 1434 sibi
774 1389 881 1448 constat,
909 1386 1046 1436 honestum.

680 1471 779 1520 Lucan.
801 1470 892 1520 Phara.
911 1467 935 1533 9,
953 1467 1011 1519 403.

301 1557 423 1606 Patientia
442 1557 525 1616 quaeri
541 1557 612 1605 debet
630 1556 695 1618 qued
713 1557 791 1616 gratia
812 1556 937 1614 impetrari
955 1557 1046 1617 nequit.

360 1643 423 1692 Van.
442 1643 512 1690 Max.
526 1642 592 1702 fact.
611 1645 635 1690 et
653 1643 712 1690 dict.
731 1654 801 1688 mem.
821 1639 845 1702 7,
862 1638 886 1690 5.
904 1655 1012 1703 prooem.

596 1795 696 1843 Patria.

300 1897 384 1945 Patria
408 1902 445 1945 eat
468 1896 612 1958 ubicumque
636 1899 673 1945 est
696 1898 764 1947 bene.
800 1898 900 1946 Picuv.
925 1909 968 1957 ap.
993 1895 1046 1942 010.

251 1980 330 2031 'litae
349 1978 489 2043 (1111115,
507 1977 549 2042 37,
570 1976 618 2028 108
637 1981 756 2044 (Tenem.
774 1981 823 2031 inc.
838 1981 894 2042 sab.
907 1979 944 2040 fr.
957 1976 991 2028 92
1009 1979 1046 2027 ed.

918 2061 1012 2124 Rite).

208 2168 212 2172 ·
301 2153 347 2200 Ubi
366 2153 400 2199 sia
418 2167 472 2200 cum
489 2152 549 2212 tuis,
567 2152 621 2199 etsi
634 2152 707 2213 absis,
726 2152 830 2210 patn'am
847 2165 896 2198 non
914 2149 1044 2196 desideres.

738 2236 766 2283 P.
787 2237 853 2284 Sim
871 2238 933 2283 sent.
952 2229 1011 2284 545.

299 2323 382 2371 Patria
406 2327 443 2370 est
465 2323 608 2383 ubicumque
631 2323 669 2370 vir
691 2321 763 2370 fortia
789 2319 869 2368 sedem
891 2319 939 2366 eibi
965 2319 1046 2379 elegit.

487 2409 567 2455 0111.
587 2408 617 2456 cie
635 2411 696 2470 gest.
715 2408 787 2455 Alex.
810 2399 835 2466 6,
852 2399 870 2452 4
888 2400 951 2466 (11),
970 2400 1011 2452 13.

298 2493 373 2540 Nemo
391 2493 495 2552 patriam
513 2493 569 2552 quia
587 2507 674 2553 magna
691 2494 729 2540 eet
746 2493 825 2552 amat,
850 2489 893 2536 aed
916 2489 974 2549 quia
996 2503 1046 2536 sua.

738 2576 798 2624 Seu.
818 2575 890 2636 epist.
909 2570 951 2634 66,
969 2570 1011 2623 26.

296 2663 373 2710 Dulce
396 2667 420 2711 et
450 2663 562 2710 decorum
591 2664 628 2708 eet
651 2677 695 2720 pro
725 2661 807 2720 patria
835 2659 905 2707 meri.
942 2659 1046 2706 Home.

786 2760 862 2794 carm.
881 2739 906 2804 3,
924 2741 949 2804 2,
971 2739 1010 2790 13.

296 2831 422 2878 Praeferre
439 2833 544 2891 patriam
561 2832 644 2880 liberis
661 2847 742 2892 regem
759 2831 835 2880 deeet.
871 2829 930 2878 sm.
953 2828 1046 2877 'l'eoaet

952 2909 1011 2961 332.
