2608 3524
584 384 674 447 Ι96

587 559 727 607 Medicina.

312 659 377 708 Mala
400 663 437 707 est
457 659 589 721 medicina,
612 661 654 708 ubi
678 659 771 721 aliquid
793 663 893 706 naturae
917 660 988 718 perit.
1024 660 1053 707 P.

797 743 862 790 Sunt
878 751 941 792 sent.
959 740 1018 794 261).

312 828 432 876 Medicina
450 829 593 877 calamitatis
612 833 649 877 est
667 829 848 890 aequanimitas.
874 829 902 876 P.
916 830 1052 878 spument

960 907 1018 963 286.

312 999 360 1046 Pro
379 997 497 1046 medicina
515 1001 552 1046 est
570 999 639 1046 dolor
657 999 763 1046 dolorem
780 998 822 1059 qui
839 1000 915 1045 necat.
950 998 978 1044 P.
989 997 1055 1044 sym

880 1087 942 1130 sant.
960 1076 1019 1130 385.

311 1167 393 1226 Eripit
410 1167 539 1228 interdum,
557 1167 628 1215 modo
646 1169 688 1216 dat
706 1167 823 1215 medicina
841 1168 951 1228 salutem,

346 1266 455 1312 quaeque
464 1253 541 1314 juvet,
558 1255 686 1314 monstrat,
705 1266 822 1312 quaeque.
828 1251 862 1298 sit
873 1253 948 1299 herba
959 1266 1053 1299 nocens.

691 1335 767 1384 Ovin.
786 1337 851 1385 trist.
870 1331 895 1397 2,
913 1331 964 1385 269
981 1351 1018 1398 sq.

310 1418 430 1467 Medicina
456 1421 519 1468 vinci
544 1419 596 1470 fata
621 1435 669 1467 non
694 1423 804 1478 possunt.
840 1419 965 1474 Quum.
992 1421 1053 1470 dect.

887 1499 939 1555 268
956 1509 1019 1555 extr.

310 1589 357 1637 Ubi
379 1590 460 1648 turpis
483 1592 521 1636 est
538 1589 664 1649 medicina,
682 1590 762 1637 sanari
779 1590 853 1650 piget.
889 1590 948 1637 Suu.
965 1589 1053 1652 Oedip.

959 1669 1019 1722 517.

593 1759 721 1809 Medicus.

310 1859 398 1908 Medici
422 1859 477 1917 plus
501 1859 622 1908 interdum
645 1859 726 1920 quieta
748 1875 820 1920 quam
842 1859 959 1908 movendo
982 1863 1054 1921 atqua

257 1944 348 2005 agendo
366 1944 503 2002 proficiunt.
540 1943 597 1991 L1v.
617 1943 677 1996 laist.
695 1941 737 2007 22,
755 1941 797 2006 18,
815 1942 839 1995 9.

308 2047 363 2092 Nan
380 2045 460 2094 estin
477 2046 569 2093 medice
588 2061 689 2108 semper,
706 2047 826 2093 relevetur
843 2049 871 2092 ut
889 2059 967 2106 aeger.

343 2130 472 2177 Interdum
490 2129 561 2178 decta
578 2131 634 2188 plus
653 2131 716 2178 valet
734 2135 786 2178 arte
804 2131 900 2177 malurn.
931 2131 1006 2179 ovio.
1025 2145 1056 2179 aa

752 2214 824 2264 Perat.
845 2212 868 2277 1,
886 2209 912 2276 3,
932 2211 965 2264 17
983 2229 1019 2278 eq.

307 2310 435 2362 Crudelem
452 2314 572 2362 medicum
588 2315 752 2374 intemperans
770 2330 841 2377 aeger
857 2315 925 2365 facit.
950 2318 977 2365 P.
989 2319 1055 2366 Sum

895 2407 958 2450 sent.
977 2399 1018 2452 98.

564 2483 745 2532 Mediocritas.

306 2583 410 2630 Auream
428 2585 540 2644 quisquis
558 2583 750 2634 mediocritatem

306 2665 483 2727 diligit‚tutue
502 2673 568 2716 caret
586 2670 689 2717 obsoleti

304 2750 418 2798 serdibus
435 2753 501 2813 tecti,
520 2757 585 2800 caret
602 2753 732 2803 invidenda

337 2835 434 2882 sobrius
451 2837 515 2892 epla,
550 2838 655 2886 Home.
673 2854 751 2890 curm.
770 2835 856 2902 210,
874 2836 891 2890 5
908 2856 960 2904 sqq.

302 2919 349 2967 Est
367 2920 454 2968 modus
472 2921 497 2967 in
515 2923 597 2984 rebus,
616 2927 673 2972 sunt
690 2924 750 2973 certi
768 2924 871 2985 denique
888 2925 957 2986 fines,
