2596 3532
647 415 681 468 34

314 590 461 651 Intrepidus,
480 604 652 649 quamcumque
670 588 734 636 datis
747 589 815 649 mihi,
834 590 940 650 numina,
959 594 1064 639 mortem

314 675 436 734 accipiam.
473 675 573 724 Lucan.
591 673 710 722 Pliursol.
729 671 753 734 5,
772 669 823 722 658
836 690 872 737 sq.

577 809 749 858 consuetudo.

318 913 491 962 Gravissimum
516 916 553 959 est
574 911 702 969 imperium
720 910 908 959 consuetudinis.
944 912 971 958 P.
998 913 1062 960 Srar

888 999 949 1044 sent.
970 992 1026 1044 182.

318 1083 413 1140 Optima
436 1081 532 1128 vivendi
555 1081 618 1127 ratio
643 1084 680 1127 est
707 1080 827 1140 eligenda:
862 1095 912 1126 cam
931 1081 1060 1140 jucundam

171 1181 175 1196 l
265 1167 412 1216 consuetudo
430 1165 520 1213 reddet.
557 1167 664 1214 Goaris.
682 1165 743 1215 cmi.
762 1162 787 1224 4,
807 1161 847 1224 17,
865 1161 907 1212 24.

319 1249 504 1298 Consuetudinis
522 1264 607 1308 magna
624 1249 660 1294 vis
679 1253 723 1296 est.
746 1251 813 1320 ⁸Orc.
845 1249 918 1298 Taso.
946 1249 1012 1310 disp.
1036 1249 1065 1310 2,

928 1331 968 1393 17,
985 1332 1027 1384 40.

318 1423 349 1467 ln
375 1421 463 1467 teneris
490 1433 643 1466 consuescere
669 1420 771 1466 multum
798 1423 842 1474 ost.
880 1419 959 1464 Vlnu.
976 1433 1063 1480 georg„

843 1534 846 1551 .
925 1500 949 1562 2,
967 1498 1025 1550 272.

319 1589 371 1642 Quo
390 1590 462 1635 semel
480 1592 517 1636 est
533 1588 625 1635 imbuta
643 1603 723 1635 recens
742 1589 846 1636 servabit
864 1587 960 1634 odorem

319 1677 382 1721 testa
400 1673 449 1720 diu.
486 1673 589 1720 Hoanr.
609 1674 683 1734 epist.
702 1670 725 1733 1,
743 1670 768 1733 2,
786 1670 820 1722 69
837 1688 872 1736 sq.

319 1760 434 1806 Naturam
453 1759 556 1816 expelles
574 1757 648 1817 furca,
667 1763 746 1805 tamen
763 1773 839 1817 usque
857 1764 969 1806 recurret.
1006 1759 1060 1804 Ho-

712 1855 771 1888 anr.
790 1843 863 1903 epist.
882 1840 906 1903 1,
926 1841 966 1902 10,
984 1838 1024 1891 24.

319 1929 399 1975 Altius
417 1931 542 1985 praecepta
559 1927 713 1988 descendunt,
731 1941 791 1986 quac
811 1928 900 1973 toneris
917 1927 1061 1985 imprimun-

269 2017 310 2061 tur
326 2011 452 2062 aetatibus.
489 2012 548 2058 Sur.
567 2012 596 2060 de
614 2014 704 2060 consol.
724 2011 757 2060 ad
776 2011 847 2059 Helo.
858 2007 907 2088 916,
918 2009 950 2060 16
963 2008 1014 2072 (18,
1024 2007 1060 2064 8).

320 2097 436 2144 Naturam
454 2100 545 2143 mutare
563 2096 661 2144 difficile
679 2099 723 2143 est.
760 2096 820 2142 sss.
845 2095 874 2142 de
900 2097 941 2143 ira
971 2092 995 2155 2,
1018 2094 1062 2156 20,

946 2177 1025 2243 312).

260 2303 262 2307 .
320 2267 388 2313 Bona
406 2265 551 2313 consuetudo
565 2269 674 2312 excutere
686 2264 763 2324 debet,
782 2263 846 2322 quod
864 2265 925 2310 mala
936 2264 1061 2313 instruxit.

738 2349 798 2395 Sam
818 2348 847 2395 de
865 2363 923 2396 mor.
943 2363 981 2397 nc.
1000 2347 1024 2398 2.

545 2469 714 2528 contemptus
732 2467 781 2514 sui.

323 2570 370 2624 Qui
387 2572 454 2630 ipsus
472 2585 497 2617 se
515 2570 653 2630 contemnit,
670 2569 695 2614 in
714 2584 740 2615 eo
759 2573 795 2616 est
812 2568 905 2616 indoles
918 2569 1061 2616 industriae.

598 2655 696 2702 Pssur.
719 2653 790 2701 Tria.
809 2649 833 2712 2,
851 2650 876 2712 2,
893 2650 927 2702 42
946 2649 1024 2716 (323).

596 2773 733 2822 corfinus.

323 2877 448 2926 Continuis
472 2877 548 2924 vicina
571 2876 676 2922 satietas.
713 2871 833 2926 Quinum.
861 2875 920 2923 dect.
946 2869 1004 2922 306.
1033 2887 1062 2936 p.

846 2954 894 3007 188
912 2959 948 3007 ed.
971 2958 1024 3019 Bip.
