2596 3532
612 410 644 463 67

286 585 409 633 Pernicies
429 584 520 630 homini
539 599 598 642 quae
616 583 733 630 maxima?
771 583 841 631 Solus
865 583 936 630 homo
960 584 1029 631 ulter.

522 671 619 714 Auses.
638 672 700 730 sept.
719 668 827 730 sapient.
845 676 906 716 sent.
926 665 951 729 1,
968 665 992 716 2.

288 772 405 820 Homines
423 785 514 831 sumus,
532 786 580 816 non
598 770 643 816 dei.
679 770 795 816 Persou.
813 774 891 832 satyr.
911 765 951 831 75,
970 768 993 820 1.

287 855 351 910 Quid
369 856 508 903 esthemo?
533 855 657 916 quodlibet
679 867 793 912 quassum
815 869 857 902 vas
881 858 905 902 et
921 857 1030 914 quolibet

238 942 324 1002 fragile
338 942 439 1003 jactatu.
476 941 535 988 Suu.
554 941 584 988 cle
602 942 688 990 eorrrel.
709 939 742 988 ad
760 939 842 988 Marc.
864 937 905 1000 11,
922 935 939 988 2
957 937 1002 1004 (3).

290 1041 353 1096 Quid
371 1043 509 1090 esthemo?
532 1041 678 1088 imbecillum
696 1055 782 1099 eorpus
800 1045 823 1088 et
839 1041 932 1102 fragile.
968 1044 1029 1091 Ser.

533 1127 562 1175 de
580 1130 669 1175 consol.
691 1127 731 1176 ud.
751 1127 833 1176 Marc.
853 1122 894 1187 11,
911 1123 929 1176 2
947 1123 991 1190 (3).

287 1229 351 1282 Quid
364 1243 446 1276 sumus
464 1229 581 1289 homines,
599 1229 648 1274 nisi
658 1229 749 1276 animae
765 1229 906 1288 corporibus
918 1229 1027 1278 clausae?

581 1315 681 1360 Arason.
701 1313 757 1362 ndo.
777 1319 830 1364 nol.
848 1311 871 1364 2.
890 1328 929 1362 no.
949 1311 989 1364 13.

550 1467 705 1515 Honestum.

286 1587 341 1634 Non
358 1589 439 1644 potest
461 1587 587 1632 honestum
610 1600 675 1647 esse,
700 1584 764 1645 quod
786 1599 835 1631 uon
858 1588 894 1634 est
916 1585 1028 1632 liberum.

720 1671 780 1718 Suu.
799 1670 870 1732 epist.
889 1665 931 1732 66,
950 1667 990 1720 16.

240 1807 242 1809 >
286 1771 358 1825 Quod
374 1772 451 1820 faeere
469 1775 539 1830 turpe
557 1775 601 1832 est,
619 1771 697 1819 dieere
714 1785 744 1818 ne
761 1774 886 1820 honestum
904 1776 970 1832 puta.
999 1775 1028 1820 P.

233 1858 296 1905 Sum
313 1861 376 1906 sent.
396 1852 453 1905 726.
479 1856 527 1919 (tf.
552 1857 653 1904 Isocrat.
672 1856 874 1905 adDemonieum
890 1853 915 1920 4,
934 1854 980 1907 15;
1011 1849 1028 1905 ii

232 1942 326 1991 ποιεῖν
350 1933 487 2007 αἰσχρόν,
513 1936 600 1988 ταῦτα
624 1932 721 2006 νόμιζε
745 1938 818 2006 μηδὲ
842 1940 935 2006 λέγειν
958 1938 1028 1990 εἶναι

229 2018 335 2089 καλόν.)

575 2127 674 2176 Honos.

285 2249 370 2294 Honos
387 2249 515 2294 honesturn
533 2247 637 2308 decorat,
655 2247 808 2294 inhonestum
820 2248 895 2292 notat.
925 2245 952 2293 P.
964 2247 1029 2294 Sum

851 2335 913 2378 sent.
933 2325 992 2382 200.

288 2417 395 2473 corpora
412 2415 528 2464 debentur
545 2416 644 2464 maestis
662 2415 791 2475 exsanguia
807 2415 899 2463 bustis:

318 2501 434 2561 effugiunt
458 2503 563 2548 structos
585 2515 672 2548 nomen
694 2501 818 2560 honorque
834 2515 915 2560 rogos.
951 2501 1029 2550 Ovio.

677 2599 708 2633 en
727 2585 801 2634 Peat.
819 2580 844 2646 3,
861 2583 886 2648 2,
904 2581 937 2634 31
955 2601 991 2647 oq.

287 2687 392 2734 Virtutis
410 2685 557 2734 uberrimum
574 2687 714 2734 alimentum
731 2691 768 2735 est
778 2689 863 2735 honos.
881 2688 947 2734 Vin.
957 2688 1029 2737 Max.

579 2770 649 2834 feet
669 2775 692 2820 et
709 2772 770 2821 dict.
790 2787 859 2820 mem.
880 2770 905 2834 2,
923 2769 947 2834 6,
966 2768 990 2820 5.

280 2873 335 2921 Non
352 2876 423 2922 erunt
439 2874 542 2922 honores
559 2887 673 2933 umquam
684 2872 781 2922 fortuiti
792 2875 906 2922 muueris.
928 2875 1028 2922 Aeson.

633 2963 696 3022 sept.
714 2958 824 3020 sapient.
843 2961 904 3007 seat.
923 2955 948 3016 5,
966 2955 991 3006 3.

836 3040 868 3081 5*
