2596 3532
632 394 665 446 26

500 623 503 628 r
537 566 660 614 Brevitas
678 566 760 614 vitae.

303 670 388 750 Br'cvis
405 670 459 728 ipsa
477 669 528 716 vita
546 671 591 727 est,
609 666 652 716 sed
669 669 739 714 malis
757 668 785 715 lit
802 669 906 728 longior.
942 669 969 716 P.
983 671 1047 717 Sum

890 760 952 802 sent.
971 751 1011 804 80.

304 840 400 900 Exigua
423 852 479 897 pars
503 841 540 886 est
562 838 625 886 vitae
648 851 695 897 qua
718 852 762 886 nos
786 838 895 884 vivimus.
932 837 990 886 Saus.
1018 839 1048 887 de

797 921 862 969 breta
881 923 925 970 nait.
945 919 970 983 2,
988 919 1012 972 2.

305 1011 423 1067 Tempora
439 1009 555 1056 labuntur
571 1006 700 1065 tacitisque
718 1006 862 1053 senescimus
880 1007 957 1066 annis,

341 1098 365 1142 et
377 1077 478 1154 ‘fugiunt
495 1093 563 1140 ireuo
581 1106 629 1138 non
646 1094 780 1138 remorante
798 1090 857 1138 dies.
893 1091 968 1140 Ovio.
983 1092 1046 1152 fast.

867 1169 891 1235 6,
910 1171 959 1224 ’ΠΙ
977 1190 1012 1239 sq.

588 1312 717 1359 caecitas.

309 1415 378 1462 Caeci
402 1416 458 1462 sunt
480 1413 555 1474 oculi,
580 1427 653 1474 quum
677 1412 770 1460 animus
794 1413 853 1460 alias
870 1427 909 1460 res
926 1413 984 1474 agit.
1020 1414 1048 1460 P.
1105 1473 1107 1478 ,

813 1499 875 1545 Sum
893 1503 954 1546 sent.
972 1493 1013 1546 81.

309 1583 370 1630 Visu
388 1581 478 1630 carenti
496 1596 580 1642 magna
597 1595 653 1640 pars
670 1581 721 1628 ueri
737 1583 797 1630 latet
823 1581 884 1629 Suu.
895 1580 979 1644 Oedip.
990 1577 1049 1632 295.

578 1734 730 1781 Calamitas.

310 1835 348 1882 nd
365 1835 524 1883 calamitatem
540 1835 642 1895 quilibet
659 1850 741 1882 rumor
757 1835 828 1884 valet.
847 1835 874 1882 P.
881 1835 946 1882 Sunt
954 1840 1016 1884 sent.
1024 1831 1048 1884 4.

310 1919 378 1967 Felix
394 1919 536 1978 improbitas
554 1921 699 1978 optimorum
716 1921 753 1966 ost
773 1919 904 1968 calamitas.
939 1920 967 1968 P.
987 1922 1049 1970 Sum

875 2009 937 2053 seat.
957 1999 1014 2054 156.

313 2089 443 2138 Calamitas
469 2089 567 2137 virtutis
594 2088 687 2136 occasio
714 2093 758 2138 est.
805 2088 864 2136 sm.
895 2090 925 2138 de
952 2091 1048 2151 aroald.

536 2203 537 2210 κ
943 2170 969 2234 4,
991 2170 1014 2221 6.

312 2259 346 2305 Et
363 2258 486 2306 calamitas
504 2259 603 2318 querula
620 2260 657 2305 est
674 2260 697 2304 et
715 2257 817 2316 superba
834 2255 945 2306 felicitas.
969 2259 1048 2307 cusu.

601 2343 630 2390 dc
648 2346 709 2404 gost.
729 2340 798 2391 Alea.
816 2339 841 2402 5,
859 2339 876 2391 5
894 2338 956 2406 (18),
975 2340 1015 2392 12.

313 2428 387 2485 Saepe
409 2426 552 2476 calamitatis
577 2427 689 2474 solatium
712 2430 749 2474 est
772 2441 842 2474 nosse
864 2431 954 2476 sortem
974 2441 1049 2476 snam.

488 2512 565 2559 (lusu.
585 2511 614 2559 de
632 2516 692 2573 gest.
711 2510 781 2560 Alea.
799 2508 824 2571 4,
843 2507 876 2560 10
894 2507 956 2574 (42),
974 2506 1015 2559 26.

532 2666 635 2712 cantor.
672 2666 777 2711 tantus.

313 2766 428 2816 Omnibus
446 2767 490 2813 hoo
508 2766 593 2814 vitium
611 2769 648 2813 ost
665 2766 810 2825 cantoribus,
828 2767 891 2813 inter
907 2764 996 2812 amicos

312 2855 339 2900 ut
356 2865 484 2912 numquam
501 2851 614 2900 inducant
631 2851 736 2900 animum
753 2855 847 2900 cantara
862 2850 948 2910 rogati,

311 2937 399 2996 injussi
416 2951 545 2996 numquam
563 2936 687 2984 desistant.
723 2936 826 2982 Houa‘r.
844 2939 892 2984 sot.
905 2929 963 2993 1,3,
974 2931 1049 2998 lsqq.
