2596 3532
617 413 651 463 43

288 584 353 638 Quae
372 589 428 632 sunt
446 599 544 644 magnae
562 585 675 632 divitiae?
706 601 754 633 non
771 587 907 636 desiderare
925 589 1033 639 divitius.

690 671 749 719 sm.
768 671 799 721 de
816 687 876 724 mer.
894 685 936 722 no.
954 671 996 725 45.

291 756 408 803 Utendum
427 758 464 802 est
481 755 582 814 divitiis,
600 770 648 802 uon
665 755 818 803 abutendum.
855 758 915 808 Suu.
928 759 958 808 de
971 775 1031 809 mer.

898 857 938 891 no.
957 839 997 894 78.

290 910 353 968 Opes
370 908 461 956 iuvisse
479 909 564 954 merito
583 913 640 955 sunt
656 907 715 954 forti
732 910 792 972 viro,

290 994 347 1052 quie
364 993 430 1040 dives
448 1007 503 1040 ores
528 1007 605 1040 veram
630 993 723 1040 leudem
747 995 878 1055 intercipit.
914 997 1031 1045 Pmoun.

751 1079 806 1139 sat.
825 1075 850 1142 4,
869 1077 997 1144 12‚1sq.

291 1166 399 1222 Imperat
416 1166 457 1210 aut
474 1164 548 1210 seruit
566 1164 665 1210 collecte
682 1165 782 1222 pecunie
803 1166 895 1228 cuique,

290 1251 382 1296 tortum
400 1248 472 1308 digne
490 1248 557 1307 sequi
575 1248 656 1306 potius
674 1263 745 1308 quem
763 1250 847 1298 ducere
863 1251 952 1301 funem.
978 1252 1031 1299 Ho-

632 1347 694 1380 κη.
716 1335 788 1396 epist.
809 1333 832 1394 1,
851 1332 892 1398 10,
909 1331 943 1384 47
960 1351 997 1400 sq.

563 1451 705 1500 Divinitas.

292 1538 420 1584 Hominem
437 1537 591 1596 consequitur
612 1536 755 1596 aliquando,
779 1552 907 1598 numquam
932 1540 1031 1587 eomita-

241 1629 281 1672 tur
299 1623 420 1670 divinitas.
456 1622 534 1669 Ouuu.
554 1621 583 1668 de
601 1625 662 1682 gest.
682 1623 754 1669 Ales.
772 1618 797 1681 8,
815 1616 832 1669 5
849 1619 913 1686 (19),
931 1620 972 1673 16.

452 1758 586 1805 Doetrina.
622 1758 720 1806 noetus
737 1758 819 1806 homo.

296 1846 342 1892 Est
358 1845 401 1890 illa
418 1843 527 1891 Platonis
545 1857 599 1889 vora
622 1858 667 1887 uox
689 1857 782 1888 omnem
800 1841 931 1890 doetm'nem
949 1846 1032 1891 herum

244 1931 400 1990 ingenuorum
417 1932 440 1975 et
458 1929 614 1974 humanorum
632 1927 719 1973 ortium
737 1942 784 1973 uno
797 1927 898 1986 quodem
911 1929 1033 1976 societatis

244 2015 338 2063 vinonio
356 2013 481 2061 contineri.
517 2013 569 2059 cm.
587 2011 697 2060 deerat
719 2007 744 2067 3,
762 2007 786 2070 6,
805 2009 845 2059 21.

296 2098 381 2148 Studio
405 2097 526 2147 doetrinae
549 2097 706 2156 punientibus
731 2100 754 2144 et
777 2097 835 2144 bene
852 2097 973 2144 institutis
990 2113 1032 2156 pa-

245 2186 305 2232 riter
322 2199 374 2232 eum
392 2186 469 2229 eotete
487 2187 603 2230 creseunt.
640 2182 692 2228 010.
711 2182 741 2230 de
757 2186 844 2230 senect.
864 2176 904 2239 14,
922 2177 963 2229 50.

297 2269 396 2328 Saepius
415 2267 444 2314 ad
462 2267 555 2314 laudem
579 2271 649 2326 utque
676 2267 788 2314 virtutem
805 2270 891 2313 natura
916 2267 966 2312 sine
990 2267 1032 2314 do·

246 2355 323 2402 ctrina
340 2369 409 2414 quem
429 2355 479 2400 sino
496 2355 582 2399 nature
599 2353 674 2399 voluit
692 2351 807 2401 doctrine.
832 2351 884 2398 010.
896 2364 944 2412 pro
957 2350 1031 2400 Arcit.

833 2431 940 2496 potiti,
959 2432 998 2484 15.

299 2524 330 2571 Ut
348 2537 403 2582 eger
421 2524 528 2582 quemvis
545 2521 633 2570 fertilis
652 2523 703 2569 sine
724 2522 817 2568 culture
834 2520 970 2567 fructuosus
983 2536 1034 2567 esse

247 2624 294 2656 non
311 2610 405 2667 potest,
429 2608 463 2655 sie
481 2608 532 2654 sino
550 2608 657 2656 doctrina
670 2594 776 2654 ¹unimus.
812 2606 863 2653 010.
886 2603 960 2654 Tute.
979 2605 1034 2654 dis-

802 2693 856 2753 put.
875 2686 899 2752 2,
916 2685 940 2745 5,
960 2685 999 2739 13.

299 2781 432 2832 Doetm'nu.
449 2817 474 2829 ..
494 2780 541 2825 vim
558 2782 680 2836 promovet
697 2778 802 2835 insitum,

299 2866 404 2924 rectique
422 2865 500 2912 uultus
519 2869 614 2921 pontone
631 2863 752 2910 roborant.
788 2861 890 2912 Homo.
915 2875 992 2909 curm.
1009 2857 1034 2921 4,

871 2941 896 3004 4,
913 2942 947 2994 33
965 2962 1001 3008 eq.
