2596 3532
622 457 656 511 25

293 633 454 692 suspicionem
472 634 495 680 et
513 633 608 690 culpem
628 633 656 680 ut
676 631 705 678 eb
727 645 752 678 se
771 635 903 693 segregent.
937 633 1035 680 Purus.

665 715 738 765 11111.
756 713 780 776 1,
798 713 823 776 2,
840 713 874 766 41
893 713 947 779 (78)
965 731 1000 780 sq.

292 801 354 848 Boni
372 801 419 848 sibi
436 803 494 850 haee
511 804 633 862 expetunt,
651 817 710 861 rein,
727 801 800 848 fidem
817 804 841 848 et
857 802 981 860 honorem,

293 886 394 946 gloriam
411 889 435 933 et
453 887 568 946 gretiam:
587 887 633 934 hoo
648 887 730 944 probis
743 886 849 944 pretium
863 889 908 933 est.
935 886 1034 934 Pusur.

653 967 720 1020 Trio.
739 967 764 1030 2,
782 967 806 1030 1,
824 965 858 1018 36
876 965 946 1032 (272)
964 985 1001 1033 sq.

445 1055 490 1102 Vir
509 1056 587 1102 bonus
605 1061 641 1102 est
659 1055 728 1114 quis?

293 1141 335 1200 qui
352 1141 461 1188 consulte
477 1143 580 1200 potrum,
599 1140 641 1198 qni
657 1141 721 1199 leges
736 1139 839 1199 jureque
857 1141 944 1198 servet,

293 1240 340 1285 quo
357 1226 446 1272 multae
463 1239 608 1286 magnaeque
627 1227 737 1272 secentur
751 1222 833 1284 judice
849 1224 919 1281 lites3

293 1325 339 1370 quo
357 1325 395 1358 res
413 1324 528 1368 sponsore
552 1313 576 1357 01
595 1324 642 1368 quo
661 1323 745 1356 oeusue
761 1311 823 1355 teste
840 1311 960 1354 tenentur.
978 1307 1034 1354 Ho-

621 1406 680 1440 mer.
699 1392 772 1454 epist.
792 1388 816 1452 1,
835 1386 876 1452 16,
894 1389 929 1441 40
947 1408 999 1456 sqq.

294 1479 401 1528 Oderunt
418 1493 515 1538 peceare
531 1479 590 1526 boni
606 1458 705 1526 Ι11111110
723 1492 810 1524 smero.
840 1476 941 1526 Horren.
960 1479 1033 1538 epist.

856 1558 880 1620 1,
899 1558 940 1622 16,
957 1559 999 1611 52.

294 1649 355 1696 Esse
371 1650 461 1697 bonum
480 1645 586 1710 (bouem)
603 1647 673 1696 faoile
691 1654 736 1706 est,
753 1647 796 1694 ubi
813 1643 877 1706 quod
893 1648 957 1694 vetet
974 1661 1035 1706 esse,

703 1735 821 1778 remotum
838 1733 881 1778 est.

677 1800 752 1849 Ovm.
771 1800 837 1847 trist.
855 1795 880 1858 5,
898 1795 939 1859 14,
957 1794 998 1847 25,

223 1935 224 1938 ,
294 1887 369 1934 Nemo
388 1889 424 1932 est
442 1900 499 1933 essu
514 1886 600 1932 bouus.
636 1886 695 1932 ser.
714 1884 785 1946 epist.
808 1878 916 1944 123,15
936 1877 999 1945 (16).

293 1971 349 2018 Non
371 1971 497 2030 promittet
522 1985 547 2017 se
569 1971 643 2018 telem
665 1969 862 2028 inperpetuum,
889 1969 931 2026 qui
956 1968 1034 2014 bonus

198 2025 202 2032 Ι
243 2069 299 2103 eesu
316 2059 360 2103 est.
397 2056 455 2104 Suu.
473 2057 544 2117 epist.
563 2051 604 2116 95,
621 2050 656 2104 40
674 2049 736 2117 (39).

294 2141 400 2188 Prosunt
416 2140 479 2188 iuter
496 2154 521 2186 se
538 2140 604 2186 boui.
639 2140 700 2188 Suu.
719 2139 789 2199 epist.
809 2132 866 2196 109,
885 2133 908 2184 l.

295 2226 393 2284 Semper
409 2225 480 2272 homo
497 2225 640 2282 1011101110
659 2226 703 2270 est.
738 2222 871 2268 Mnnrmn.
890 2224 970 2283 epigr.
993 2217 1034 2282 12,

915 2301 957 2362 51,
974 2302 998 2354 2.

294 2395 353 2442 Rari
370 2395 458 2453 quippe
474 2393 540 2454 boni,
565 2407 663 2440 numero
680 2392 721 2438 vix
738 2395 795 2438 sunt
814 2390 916 2439 totidem
933 2393 992 2450 quot

294 2479 429 2527 Thebarum
448 2481 532 2536 portee
549 2478 586 2540 vel
603 2476 686 2523 divitis
704 2476 766 2523 ostie
783 2475 841 2522 Nili.
871 2476 966 2523 Juvurs.
984 2479 1033 2523 sat.

854 2555 896 2618 13,
910 2555 943 2606 26
963 2573 999 2621 sq.

294 2649 362 2696 Bono
379 2648 477 2706 probari
494 2648 565 2708 melo,
584 2661 655 2705 quem
671 2643 754 2693 multis
766 2644 844 2694 mulis.
863 2645 960 2690 Auser.
970 2647 1032 2706 sept.

726 2731 834 2792 sapient.
852 2733 914 2778 seut.
932 2725 957 2789 2,
974 2724 998 2776 2.

526 2831 751 2892 Breriloqusntie.

295 2920 370 2968 Nemo
383 2919 456 2967 silens
472 2918 573 2977 pleouit:
594 2917 664 2964 multi
672 2917 789 2964 brevitate
797 2914 918 2975 loquendi.
935 2913 1033 2960 Ausere.

807 3001 881 3061 epist.
899 2993 940 3059 25,
957 2993 998 3047 44.
