2608 3524
622 381 683 445 lta!

251 603 252 608 ,
299 557 326 604 Si
352 555 458 602 volueris
477 555 613 615 attendere,
641 553 744 600 maxime
770 568 827 611 pars
853 553 917 600 vitae
943 554 1051 602 elabitur

247 641 309 686 male
328 639 471 700 agentibus,
496 653 582 699 magua
599 638 661 686 nihil
679 638 819 698 agentibus,
844 640 896 686 teta
913 639 964 685 vita
980 637 1049 686 aliud

249 725 385 785 agentibus.
423 724 484 770 Suu.
505 725 577 786 epiri.
597 720 620 770 1Ι
640 724 664 782 ξ.
685 720 709 770 1.

296 827 351 874 Non
376 829 459 884 potest
483 825 611 885 quisquam
635 824 705 871 beate
723 823 821 884 degere,
846 825 889 884 qui
908 837 932 870 se
951 827 1045 872 tantum

247 912 366 971 intuetur,
385 911 428 970 qui
446 910 526 956 omnis
543 909 574 956 ad
591 909 709 956 utilitates
734 922 790 956 suas
814 909 945 956 convertit:
973 911 1044 956 alteri

248 997 315 1043 vivas
333 997 438 1056 oportet,
457 994 478 1040 si
496 993 532 1040 vis
549 993 596 1040 tibi
613 992 699 1040 rivere.
736 993 798 1040 Suu.
815 993 887 1054 epist.
906 987 949 1054 48,
967 991 990 1041 2.

299 1097 339 1142 Sia
355 1095 409 1142 vire
427 1109 480 1142 eum
497 1095 647 1152 hominibus,
670 1098 794 1153 tamquam
812 1094 872 1141 deus
894 1095 986 1142 videat:
1010 1097 1046 1144 sie

247 1183 345 1240 loquere
364 1195 416 1226 eum
435 1179 487 1240 dee,
504 1183 627 1239 tamquam
644 1179 753 1226 homines
771 1179 878 1227 audient.
899 1180 961 1226 Seu.
973 1181 1047 1242 epist.

925 1261 967 1324 10,
985 1261 1008 1312 5.

555 1349 618 1395 Dum
636 1347 688 1395 feta
706 1348 796 1404 sinunt,

298 1435 370 1482 uiuite
388 1433 453 1481 leeti.
472 1436 586 1491 properat
603 1447 675 1480 eursu

297 1519 347 1566 vita
365 1519 439 1566 eitato
457 1517 596 1577 volucrique
613 1516 652 1562 die

298 1607 353 1651 reta
381 1601 520 1660 praeripitis
550 1602 654 1649 vertitur
682 1603 746 1649 anni.
795 1602 856 1648 Sere.
886 1602 959 1650 Herc.
984 1602 1043 1663 sur.

886 1682 935 1734 177
952 1701 1004 1750 sqq.

297 1773 361 1819 Bene
379 1771 440 1819 vixit
456 1771 487 1830 is,
506 1771 548 1830 qui
559 1763 647 1828 ¹potuit
665 1785 739 1830 quum
756 1771 833 1818 voluit
845 1771 914 1818 meri.
939 1771 967 1817 P.
980 1773 1044 1819 Sum

882 1861 945 1904 sent.
964 1849 1005 1902 57.

463 1957 526 2006 Vita
542 1957 631 2017 beata,
648 1957 698 2005 nid.
717 1956 823 2005 Beatus.

584 2058 692 2105 Vitium.

399 2161 473 2208 vitiis
486 2175 556 2207 nemo
569 2160 620 2208 siue
632 2160 755 2218 naseitur;
773 2161 879 2219 optimus
891 2160 932 2206 ille
944 2163 989 2220 est,

302 2246 344 2305 qui
361 2245 467 2292 minimis
486 2249 593 2305 urgetur.
629 2245 732 2292 Hom.
752 2249 802 2293 aut.
822 2241 845 2305 1,
863 2240 887 2306 3,
906 2241 940 2295 68
956 2260 993 2306 aq.

300 2329 347 2376 Uni
371 2329 456 2388 unique
478 2329 544 2376 dedit
567 2329 653 2376 vitium
676 2333 763 2377 natura
781 2332 868 2377 creato.
903 2329 1041 2376 Pnonnuu.

627 2397 1003 2476 'cmffQQss

299 2499 402 2558 Iniquus
420 2502 471 2560 est,
494 2499 536 2556 qui
556 2513 679 2546 commune
705 2499 790 2545 vitium
816 2499 918 2558 singulis
944 2498 1041 2559 objecit.

635 2583 695 2630 Seu.
714 2583 743 2631 de
761 2584 802 2631 ira
819 2579 844 2643 3,
863 2579 904 2644 26,
923 2579 939 2632 2
958 2579 1002 2646 (3).

300 2668 455 2728 Singulorum
473 2667 531 2714 vitia
548 2682 616 2714 nemo
638 2667 737 2714 urbibus
760 2667 867 2716 ascribit.
903 2669 963 2716 Snus.
981 2681 1039 2716 con·

681 2755 742 2799 trev.
760 2749 778 2800 4
796 2747 841 2813 (9),
859 2749 900 2800 25.
920 2753 942 2811 ἓ.
963 2747 1002 2804 15.

296 2839 373 2885 Nemo
391 2849 464 2896 paene
482 2837 533 2882 sine
550 2837 610 2884 vitio
628 2841 671 2884 est.
708 2837 766 2884 Suu.
780 2841 885 2886 carrtrou.
903 2834 921 2886 4
938 2832 1037 2900 (illstb.

916 2924 939 2982 a.
959 2917 999 2968 16.
