2596 3532
611 391 643 446 79

283 565 354 623 Inopi
371 565 510 613 beneficium
528 565 566 612 bis
584 565 634 627 dat,
651 568 693 626 qui
711 567 752 616 dat
769 567 885 615 celeriter.
915 567 942 615 P.
958 570 1023 617 Sani

848 657 910 701 seat.
929 648 987 702 2โด25.

281 735 369 796 Inops,
394 738 515 793 potentem
532 735 589 782 dum
606 737 658 784 vult
674 737 779 797 imitat,
797 738 867 796 penit.
903 739 1020 787 Prasiana.

784 823 838 882 sab.
863 819 886 883 1,
903 819 944 884 26,
964 821 986 872 1.

561 889 688 937 Insidias.

281 971 336 1019 Nisi
354 973 396 1032 qui
413 973 459 1021 scit
475 973 560 1034 facere,
579 973 680 1021 insidias
698 975 775 1022 nascit
786 979 897 1024 metuere.
916 976 944 1022 P.
959 976 1022 1022 Sans

846 1065 907 1108 sent.
927 1056 985 1111 328.

563 1126 685 1174 Inventa.

280 1209 349 1256 Nihil
367 1213 404 1258 ast
422 1212 494 1258 simul
512 1215 536 1260 at
553 1212 675 1260 inventum
693 1216 717 1260 at
728 1211 867 1271 perfectum.
886 1213 939 1260 010.
951 1213 1022 1262 Brut.

886 1293 927 1360 18,
946 1294 986 1346 71.

279 1379 438 1428 Necessitatis
456 1381 553 1430 inventa
569 1382 707 1441 antiquiora
725 1384 781 1428 sunt
799 1396 870 1441 quani
882 1383 1021 1441 voluptatis.

716 1467 768 1515 Cic.
788 1472 850 1516 arat.
869 1462 911 1528 55,
931 1463 988 1516 185.

281 1550 351 1598 Alius
361 1551 408 1598 alio
421 1551 491 1609 plura
503 1551 609 1598 invenire
621 1555 714 1609 potest:
737 1565 806 1598 namo
818 1551 905 1598 omnia.
923 1553 1021 1600 Asson.

410 1635 482 1696 epist.
501 1636 572 1698 adyti.
592 1631 632 1684 11.
650 1649 745 1698 praem.
764 1651 787 1694 p.
807 1631 855 1684 191
873 1637 909 1684 ed.
931 1636 987 1698 asp.

569 1753 682 1802 Invidia.

280 1837 391 1884 Mavalim
409 1839 469 1884 mihi
486 1839 596 1886 inimicos
614 1839 727 1898 invidere,
746 1853 816 1898 quam
833 1839 939 1886 inimicis
954 1839 1021 1886 mais.

279 1921 341 1968 Nam
350 1919 456 1968 invidere
466 1923 508 1970 alii
520 1923 579 1970 bana
592 1937 651 1984 assa,
664 1923 710 1971 tibi
722 1925 783 1970 mala
796 1939 856 1983 asse,
871 1923 969 1970 miseria
977 1927 1022 1970 est.

280 2004 326 2059 Qui
338 2005 454 2067 invident,
468 2011 549 2067 agent:
569 2009 606 2054 illi
618 2009 705 2067 quibus
717 2008 846 2069 invidetur,
864 2020 914 2054 ram
925 2007 1022 2055 habent.

509 2091 607 2138 Panas.
631 2091 706 2140 Trac.
724 2088 750 2152 4,
768 2089 792 2152 2,
810 2088 843 2140 31
862 2089 933 2154 (715)
951 2107 986 2154 sq.

280 2173 375 2223 Invidia
392 2176 501 2235 loquitur
518 2192 566 2224 non
584 2176 648 2236 quod
666 2179 711 2236 ast,
730 2176 772 2223 sad
789 2176 852 2234 quod
871 2177 960 2224 subest.
992 2176 1020 2223 P.

767 2261 831 2309 sm
848 2263 910 2308 sent.
927 2256 986 2310 233.

279 2345 398 2392 Invidiam
416 2345 479 2393 tens
498 2349 539 2393 ant
556 2345 629 2392 i'ortis
646 2348 688 2393 aut
705 2345 763 2392 felix
786 2347 874 2402 potest.
910 2343 937 2391 P.
957 2343 1022 2390 sim

928 2421 987 2476 234.

280 2513 376 2560 Invidia
392 2516 478 2575 tacita,
502 2514 544 2561 sad
562 2514 658 2561 inimice
675 2513 796 2561 irascitur.
832 2512 859 2558 P.
879 2514 943 2561 Sani
960 2518 1022 2562 sent.

442 2596 446 2602 '
929 2593 987 2646 235.

279 2685 349 2745 Mage
373 2683 476 2732 cavenda
500 2684 630 2731 amicornm
649 2681 805 2740 assimilia,
829 2695 900 2740 quam
921 2681 1024 2730 insidias

755 2767 870 2812 hostium.

717 2851 744 2898 P.
765 2851 908 2899 satutant.
927 2847 986 2899 523.

279 2938 376 2986 Invidia
394 2937 485 2998 gloriae
498 2950 576 2985 comas
589 2940 633 2984 est.
661 2937 740 2984 cons.
751 2936 816 2983 Nar.
829 2934 918 2984 Chabr.
929 2931 952 2984 3.
966 2935 988 2995 ยง-
999 2931 1023 2984 3.
