2608 3524
602 409 651 464 147

282 585 362 630 tacere
380 595 406 630 ac
423 581 527 631 fabulari
545 587 597 632 tute
614 585 716 632 novaris.
753 587 817 634 Eur.
836 589 902 647 trag.
915 584 956 648 fr.
978 582 1028 635 181
1086 581 1089 590 '

866 666 937 733 (133)
955 685 993 734 aq.

284 753 400 799 Miserum
416 756 454 800 cst
471 757 549 801 tacere
567 754 628 815 cogi,
646 755 711 815 quod
730 756 812 814 cupias
830 756 904 815 loqui.
923 755 951 802 P.
963 758 1027 804 Sum

850 843 915 888 sent.
934 834 992 889 295.

285 922 384 981 Saepius
401 924 516 984 locutum,
535 937 666 984 numquam
683 939 720 972 mc
738 925 841 972 tacuisse
859 925 974 983 poenitet.
999 926 1027 972 P.

770 1009 836 1056 Suu
853 1013 915 1057 sent.
934 1004 993 1056 806.

282 1092 329 1140 Est
347 1095 370 1139 at
387 1092 454 1140 fidali'
471 1097 525 1141 tuta
543 1093 642 1140 silentio

283 1190 381 1224 mercar.
415 1177 519 1228 Hom.
538 1192 615 1226 carm.
633 1172 659 1238 3,
676 1175 702 1240 2,
718 1175 753 1228 25
770 1194 806 1241 sq.

284 1276 346 1330 Quis
363 1279 442 1325 minor
459 1282 504 1340 ast,
522 1292 594 1338 quam
611 1279 725 1341 tacuisse,
742 1279 825 1327 labor?
862 1281 1030 1329 0v1n.amor.

865 1363 891 1426 2,
908 1360 932 1425 2,
951 1361 992 1413 28.

284 1463 379 1525 Eripis
397 1467 435 1512 cst
451 1465 530 1514 virtus
548 1469 672 1524 praestare
690 1467 787 1514 silantia
804 1466 885 1513 rebus.

318 1549 352 1597 At
374 1553 458 1598 contra
481 1550 561 1611 gravis
584 1553 621 1598 est
639 1551 709 1610 culpa
726 1550 827 1599 taccuda
842 1551 918 1610 loqui.
955 1552 1032 1600 0v1u.

712 1631 997 1697 mmZWm

286 1735 335 1783 Ubi
352 1750 401 1784 non
419 1736 476 1786 licet
486 1739 574 1799 tacere,
593 1737 652 1796 quid
665 1737 776 1797 cuiquam
788 1737 851 1784 licat.
871 1736 930 1783 Suu.
945 1733 1032 1798 Oedip.

937 1815 997 1870 526,

286 1907 392 1964 Imperia
409 1907 490 1968 solvit,
509 1907 551 1966 qui
568 1909 640 1968 tacct,
655 1908 740 1969 jussus
757 1907 832 1966 loqui.
870 1905 932 1953 Suu.
946 1904 1033 1968 Oedip.

287 2075 374 2122 Tacere
396 2076 480 2123 multis
505 2075 608 2123 discitur
630 2077 694 2124 vitas
723 2076 801 2123 malis.
839 2075 897 2125 Suu.
931 2075 1033 2136 Threci.

937 2153 997 2208 319.

286 2245 368 2292 Alium
386 2243 458 2292 silere
475 2243 539 2303 quod
557 2244 633 2306 voles,
651 2246 745 2304 primus
764 2246 816 2292 sila.
854 2243 913 2291 Suu.
931 2241 1033 2306 Hippot.

940 2323 998 2376 876.

286 2413 374 2474 Magna
391 2427 430 2460 res
448 2419 485 2462 ast
502 2413 569 2461 vocis
587 2416 612 2462 ct
630 2415 723 2462 silentii
739 2417 849 2474 tempora
867 2427 945 2460 nossa.
974 2413 1036 2461 Suu.

774 2501 803 2548 dc
820 2514 881 2548 mor.
901 2513 940 2546 nc.
960 2492 1001 2545 74.

286 2599 366 2660 Loqui
391 2599 528 2660 ignorabit,
553 2601 596 2660 qui
619 2604 698 2649 taccra
715 2601 813 2648 nesciat.
849 2603 948 2648 Auscis.
973 2604 1038 2660 sept.

725 2686 835 2746 sapient.
854 2691 917 2733 saut.
936 2680 962 2744 2,
981 2681 1004 2730 1.

286 2787 358 2841 Quod
375 2787 477 2834 tacitum
494 2800 548 2833 assa
565 2786 641 2846 velis,
659 2786 751 2834 nemini
768 2786 868 2836 dixeris.
887 2787 908 2832 si
926 2785 973 2832 tibi
990 2785 1040 2844 ipsi

235 2887 284 2920 non
302 2871 438 2932 imperasti,
456 2885 503 2929 quo
522 2870 593 2918 modo
607 2871 636 2918 ab
649 2871 705 2918 aliis
718 2871 842 2920 silentium
853 2871 952 2928 sparas?
977 2871 1039 2918 Sus.

776 2955 882 3004 cismar.
903 2969 941 3002 uc.
960 2949 1001 3002 16.

835 3032 876 3076 ιο*
