2608 3524
625 417 675 472 161

305 593 394 653 Magno
412 593 500 652 ubique
517 594 595 651 pretio
613 595 691 642 virtus
708 595 858 642 aestimatur.
895 595 958 640 Vlu.
977 595 1048 641 Max.

610 679 676 740 fact.
696 685 718 728 et
736 680 797 728 dict.
815 694 885 728 mem
903 675 928 739 5,
945 674 971 739 4,
991 677 1013 726 1.

305 762 385 810 Habet
403 762 468 821 apud
480 764 556 810 malea
568 779 664 824 quoquc
675 765 778 812 multum
789 763 943 812 auctoritatis
961 764 1048 832 virtus.

505 846 629 900 Qumum.
648 844 786 898 (1111253.
804 863 829 906 p.
847 843 934 897 3611.
958 849 1012 910 Bip.

459 933 538 994 Major
554 933 631 980 lamae
649 933 705 981 aitis
722 937 759 980 eat
775 947 847 993 quam

306 1017 418 1075 virtutia3
438 1019 493 1078 quis
511 1019 574 1066 euim
591 1019 705 1066 virtutem
723 1019 876 1076 amplectitur
893 1019 979 1079 ipsam,

305 1103 411 1160 praemia
429 1103 450 1149 ai
467 1104 551 1150 tollas?
587 1105 682 1152 Juveu.
700 1108 750 1152 aut.
770 1099 811 1164 10,
830 1098 881 1152 140
897 1119 933 1167 sq.

563 1189 654 1236 Semita
672 1192 735 1236 certe

306 1273 451 1332 tranquillae
469 1287 512 1331 per
529 1273 645 1321 uirtutem
666 1277 733 1332 patet
756 1273 826 1320 unica
844 1273 915 1320 vitae.
950 1273 1047 1320 Juvau.

782 1361 830 1406 sct.
851 1355 891 1417 10,
909 1353 961 1406 363
977 1373 1013 1420 sq.

459 1442 605 1500 Prosperum
623 1457 649 1488 ac
666 1442 725 1490 felix
742 1443 820 1490 scelus

307 1527 384 1574 virtus
410 1532 520 1586 vccatur;
546 1527 656 1574 sontibus
681 1529 766 1586 parent
790 1527 855 1574 boni.
892 1527 954 1573 Suu.
977 1526 1051 1574 Herc.

831 1610 892 1674 sur.
910 1606 960 1660 251
978 1625 1016 1675 sq.

307 1699 444 1758 Numquam
460 1701 541 1757 potest
559 1712 606 1745 non
625 1711 677 1744 ease
694 1697 780 1744 virtuti
797 1699 872 1744 loeus.
910 1696 970 1742 Suu.
982 1695 1049 1744 Med.

874 1839 876 1843 .
958 1776 1015 1828 161.

306 1865 437 1916 Pulchrum
455 1869 557 1915 eminere
575 1871 613 1914 est
630 1869 693 1914 iuter
710 1867 818 1913 illustres
840 1865 913 1924 viros,

304 1954 429 2001 consulare
446 1954 548 2013 patriae,
565 1966 663 2010 parcere
682 1951 788 2011 afflictis,
806 1950 858 2000 sera

308 2037 379 2085 caede
398 2037 526 2099 abstinere,
550 2040 644 2095 tempus
663 2041 735 2097 atque
752 2036 802 2082 irae
821 2035 885 2094 darc,
976 2047 978 2051 ’

292 2121 360 2168 'orbi
378 2122 491 2184 quietem,
510 2123 589 2170 seculo
607 2136 690 2180 pacem
708 2136 760 2168 suo.

306 2207 371 2255 Haec
391 2221 484 2254 summa
500 2208 586 2254 virtus.
624 2209 682 2256 Suu.
703 2203 789 2256 Octuu.
808 2201 859 2253 472
875 2219 912 2266 sq.
993 2203 995 2207 ’

305 2293 360 2339 Non
377 2296 414 2339 eat
431 2292 561 2352 gemendus
579 2307 621 2339 nec
639 2292 707 2352 gravi
725 2289 845 2350 urgendus
863 2303 928 2349 nece,

305 2375 394 2424 Locum
420 2378 498 2424 virtus
524 2377 596 2424 habet
621 2377 685 2424 inter
711 2379 784 2423 aetra.
821 2375 883 2421 sm.
904 2373 977 2422 Herc.
999 2373 1050 2422 Oet.

931 2453 1016 2507 1564.

309 2548 400 2594 virtute
418 2547 529 2606 quisquis
548 2547 649 2594 abstulit
661 2545 719 2592 fatis
737 2545 790 2592 iter.
829 2544 891 2590 Suu.
906 2543 977 2592 Herc.
999 2544 1050 2592 Oet.

893 2625 960 2677 1833
977 2644 1014 2690 aq.

305 2717 391 2764 Virtus
408 2718 434 2763 in
452 2719 519 2763 astra
536 2715 623 2775 tendit,
641 2715 667 2760 in
679 2717 781 2760 mortam
792 2715 873 2761 timor.
902 2713 964 2760 Sar.
975 2713 1050 2760 Herc.

868 2799 920 2846 (let.
940 2792 1014 2846 1971.

305 2882 443 2946 Numquam
461 2885 558 2946 Stygias
575 2882 653 2930 fertur
672 2882 703 2930 ad
720 2882 816 2930 umbras

306 2972 394 3019 Inclita
411 2973 497 3020 virtus.
534 2969 596 3018 Suu.
616 2969 689 3017 Herc.
709 2966 759 3016 oa.
779 2961 847 3016 1983
860 2981 897 3028 sq.

868 3052 892 3088 11
