2608 3524
642 383 675 434 92

312 556 376 602 Est.
393 591 417 600 ..
438 556 480 602 nbi
501 555 607 614 profecto
631 557 744 604 damnum
764 558 869 614 praestet
886 554 963 602 iacere
980 569 1051 614 quam

797 641 896 687 luorum.

588 725 687 772 Pnnur.
708 723 780 786 Cupi.
799 722 823 786 2,
841 721 865 783 2,
885 720 917 773 75
936 719 1015 786 (327).

312 827 441 873 Pecuniam
460 827 486 872 in
503 827 554 873 loeo
572 827 697 886 neglegere
719 840 855 872 maxumum
877 825 998 873 interdum
1016 827 1052 871 est

799 911 899 957 lucrum.

566 997 678 1042 Tunnur.
691 994 797 1056 Adelph.
816 990 841 1056 2,
860 991 884 1056 2,
902 991 919 1043 8
937 989 1016 1058 (216).
1069 1001 1073 1008 ’

311 1081 430 1128 Damnum
454 1080 622 1138 appellandum
646 1084 683 1128 est
705 1095 758 1126 eum
779 1081 842 1127 mala
863 1079 927 1126 fama
950 1081 1050 1126 luernm.

751 1165 778 1210 P.
799 1166 861 1214 Smer
878 1169 939 1212 seret.
960 1159 1016 1212 113.

608 1269 703 1314 Ludus.

222 1404 223 1408 ,
311 1368 365 1414 Non
383 1368 460 1414 omnis
484 1371 549 1416 aetas
570 1368 626 1414 lude
646 1369 760 1415 convenit.
797 1368 895 1414 Pelen.
917 1366 1008 1416 Bacch.
1029 1365 1052 1428 1,

841 1449 866 1512 2,
884 1447 917 1500 21
937 1447 1016 1515 une).

311 1553 391 1600 Mores
409 1567 434 1600 se
451 1553 514 1600 inter
526 1554 656 1600 ludendum
669 1553 802 1611 simplicius
817 1553 939 1613 detegunt.
970 1552 1053 1606 Qum·
1077 1587 1078 1590 η

636 1651 688 1685 rin.
708 1638 870 1686 insilierat.
891 1634 913 1692 1,
932 1634 957 1697 3,
977 1633 1017 1686 12.

463 1737 546 1785 Ludus
564 1740 642 1785 anime
662 1739 732 1786 debet
750 1739 878 1800 aliquando
897 1739 958 1797 dari,

311 1823 342 1869 ad
360 1822 512 1882 cogitandum
530 1823 615 1870 melior
633 1828 659 1871 ut
677 1823 759 1871 redeat
776 1823 838 1871 tibi:
866 1825 985 1870 Pnnnnn.
994 1821 1050 1883 sab.

826 1904 1016 1971 &mmm

592 1993 716 2039 Luxuria.

308 2091 377 2138 Nihil
400 2095 449 2139 tam
471 2093 623 2140 mortiferum
645 2093 762 2154 ingeniis,
791 2109 862 2154 quain
887 2095 984 2142 luxuria
1007 2097 1052 2142 est.

598 2179 659 2224 San.
682 2176 931 2241 conuenientes.
951 2180 973 2239 ξ.
993 2175 1016 2227 7.

307 2259 427 2307 Luxuries
444 2261 572 2318 praedulce
592 2263 690 2323 malum,
709 2279 770 2324 quae
788 2264 869 2312 dedita
890 2279 984 2322 semper

307 2343 416 2402 eorporis
435 2345 544 2392 arbitriis
562 2347 660 2394 hebetet
678 2349 779 2408 ealigine
797 2343 881 2397 senius

305 2429 458 2489 membraque
476 2430 581 2476 Circaeis
600 2431 720 2478 effeminat
738 2431 817 2479 aerius
839 2433 928 2480 herbis.
966 2433 1051 2480 Ganu-

503 2526 578 2560 MAN.
599 2515 628 2564 de
646 2517 715 2563 laud.
734 2513 833 2565 Seneca.
853 2514 878 2578 2,
896 2513 946 2566 132
964 2532 1015 2580 sqq.

304 2594 403 2643 Saevior
420 2598 493 2644 armis
512 2598 615 2644 luxuria.
652 2600 746 2647 Juvna.
765 2605 814 2650 set.
834 2598 858 2662 6,
877 2597 935 2650 292,

542 2734 759 2794 Magnanimitar.

300 2831 375 2880 Decet
395 2833 580 2893 magnanimitas
593 2837 724 2895 quemlibet
736 2839 870 2898 mortalem,
888 2838 961 2885 etiam
972 2838 1050 2898 illum,

247 2915 312 2963 infra
330 2931 401 2976 quem
419 2918 479 2964 nihil
498 2922 542 2966 est.
581 2921 640 2968 Suu.
660 2922 690 2970 cle
708 2925 775 2970 clem.
795 2920 819 2980 1,
837 2919 862 2984 5,
880 2919 904 2972 3.
