2596 3532
290 559 368 606 Visne
385 561 431 608 hoe
447 561 474 608 in
491 574 548 620 agro
566 563 608 608 tuo
626 561 687 620 lieri,
706 559 768 619 quod
788 561 859 608 alteri
875 560 950 608 facis?

675 645 775 692 Lim.
795 646 866 694 Alex.
888 647 940 694 Sev.
960 643 1001 696 51.
1100 681 1101 684 κ

293 729 323 776 ld
334 729 411 778 faeere
423 731 476 778 laus
490 733 534 790 est,
547 729 611 789 quod
629 730 703 789 decet,
716 743 772 789 uon,
785 729 850 788 quod
860 731 944 790 liquet.
976 731 1036 779 Seu.

359 860 362 869 ‚
839 815 922 864 Oetae.
941 811 1000 865 454.

289 899 387 947 Stultus
406 915 439 960 es,
458 900 500 960 qui
517 898 580 948 laeta
598 899 686 946 infecta
702 899 780 946 faeere
798 900 878 946 verbio
896 902 1012 958 postules.

569 985 667 1031 Prior.
691 983 764 1032 Troe.
784 980 809 1043 4,
826 982 851 1043 2,
870 981 903 1033 17
922 981 1001 1047 (702).

293 1070 379 1130 Multa,
397 1070 454 1117 dum
472 1069 541 1130 fiunt,
559 1069 649 1129 turpia,
667 1069 730 1116 laeto
747 1070 850 1127 placent.
890 1070 966 1117 Ovm.
987 1075 1035 1120 art.

831 1170 880 1202 αηι.
898 1151 923 1214 3,
943 1151 1000 1204 218.

292 1241 346 1287 Nou
364 1241 392 1288 fit
410 1239 461 1287 sine
478 1239 568 1298 periclo
585 1239 679 1286 facinus
697 1253 809 1300 magnum
821 1253 863 1285 nae
872 1239 1036 1287 memorabile.
1114 1251 1116 1256 ’

464 1325 578 1370 Ture-auu.
598 1324 690 1372 Heaut.
710 1325 763 1372 tim.
782 1319 807 1382 2,
825 1319 850 1384 3,
869 1318 903 1372 73
921 1319 999 1385 (314).

566 1459 701 1508 raeetiae.

292 1563 396 1621 Asperae
413 1562 521 1621 facetiae,
538 1562 580 1609 ubi
598 1562 700 1608 multum
717 1577 745 1607 ex
764 1576 819 1607 vero
836 1565 939 1622 traxere,
958 1576 1035 1609 aorem

236 1647 279 1694 sui
304 1649 442 1695 memoriam
468 1647 614 1706 relinquunt.
650 1647 738 1692 Tuom.
768 1647 853 1693 anteat.
883 1643 923 1706 15,
941 1643 982 1696 68.
1001 1674 1035 1681 -

853 1730 889 1790 Cf.
911 1731 999 1782 Jooue.

567 1817 706 1864 Faellitae.

292 1919 417 1966 Facilitate
435 1919 494 1966 nihil
515 1922 551 1965 est
569 1919 661 1965 homiui
679 1919 772 1964 melius.
797 1919 915 1964 'l‘auuum
931 1917 1034 1980 Adelph.

797 1999 822 2062 ἵ),
840 2000 865 2063 4,
885 2001 900 2052 7
919 2000 998 2066 (861).

565 2089 709 2137 umentia.

290 2191 407 2250 Diaeitur,
426 2191 540 2237 innocuas
558 2195 586 2237 ut
603 2195 658 2250 agat
675 2191 786 2238 facundia
804 2207 901 2238 causas:

324 2276 430 2335 protegit
446 2276 504 2323 haee
523 2280 603 2322 sontes
627 2277 808 2337 immeritosque
825 2276 920 2334 premit.
957 2275 1034 2323 Ovm.

472 2362 535 2410 trial.
555 2357 579 2421 2,
597 2356 648 2409 ‘273
665 2377 700 2424 sq.
721 2388 754 2395 --
774 2361 811 2421 (J.
830 2361 998 2421 Eloquentia.

493 2497 606 2546 Fallere.
648 2497 777 2547 rallaoia.

288 2599 376 2645 Fallite
394 2598 512 2646 fallentes.
531 2614 560 2646 ex
577 2613 662 2659 magna
678 2604 747 2657 parte
764 2598 892 2658 profanum

244 2725 248 2734 ,
327 2686 383 2730 sunt
393 2697 474 2742 genus.
493 2685 519 2731 in
531 2667 637 2745 laq‘ueoe3
647 2698 708 2744 quos
720 2699 829 2743 posuere,
844 2682 936 2730 aadaut.
956 2682 1033 2739 own,

715 2773 762 2817 ort.
782 2783 831 2816 om.
851 2765 875 2828 1,
893 2762 944 2816 645
961 2782 997 2830 sq.

287 2852 393 2906 Quidam
416 2853 498 2900 fallere
520 2852 665 2912 docuerunt,
690 2853 747 2901 dum
770 2854 855 2900 timent
872 2851 933 2899 felli.
970 2853 1031 2901 Suu.

836 2938 908 2998 optat.
928 2931 953 2992 3,
971 2931 996 2985 3.

866 3023 878 3057 a
