2596 3532
615 413 649 466 38

543 588 717 637 Desiderium.

285 675 367 723 Etiem
386 673 495 720 eelerites
513 675 539 720 in
557 673 677 720 desiderio
695 689 762 721 more
780 679 825 723 est.
853 675 879 721 P.
895 675 956 720 Sum
969 679 1032 724 sent.

940 755 997 808 139.

288 845 356 893 Nihil
367 847 404 890 est
414 842 533 889 desiderio
547 857 644 890 suorum
655 845 759 904 grerim.
780 843 875 897 Quruu.
887 845 947 893 dect.
958 841 1030 905 6,18.

289 1030 413 1078 Interdum
443 962 694 1076 οοιιῒὶιιιιιιιτιιιέ0111111111Ι
720 1017 837 1077 firmiores
863 1031 934 1078 fucit:
963 1045 1032 1090 saepe

235 1116 302 1176 quod
320 1115 522 1174 corroboraverat,
541 1114 633 1160 desidia
653 1115 808 1174 consumpsit.
846 1116 904 1162 Suu.
923 1119 1031 1164 controv.

852 1197 874 1260 1,
892 1195 916 1248 8.
936 1201 960 1260 ξ.
973 1197 997 1249 6.

441 1266 534 1313 Blando
549 1303 554 1314 .
569 1303 574 1313 .
590 1304 595 1313 .
614 1283 702 1314 ueneno

290 1352 395 1400 desidiae
413 1352 490 1399 virtus
514 1352 630 1410 paulatim
648 1353 723 1399 evicto
741 1352 849 1399 seueseit.
886 1353 938 1400 Sin.
957 1354 1031 1400 luen.

488 1435 578 1485 mnu.
597 1433 621 1496 3,
639 1432 691 1485 580
706 1451 742 1499 sq.
762 1464 795 1469 —
815 1435 856 1499 Cf.
875 1437 996 1498 Ignavis.

289 1523 359 1570 Nihil
377 1521 468 1582 egendo
487 1520 595 1568 homines
608 1523 674 1586 „mele
691 1535 760 1582 egere
777 1521 880 1570 diseunt.
916 1523 949 1570 M.
960 1522 1031 1569 Coro

501 1620 535 1668 op
564 1607 663 1653 eonem
681 1607 711 1654 de
728 1621 753 1654 re
771 1612 833 1655 rust.
854 1604 893 1666 11,
914 1603 937 1667 1,
955 1603 996 1655 26.

291 1692 340 1751 Qui
362 1693 427 1739 uolet
450 1692 502 1738 fieri
524 1691 674 1751 desidiosus,
700 1696 769 1748 emet.
806 1692 882 1741 ovm.
907 1706 982 1739 amer.
1007 1689 1031 1750 1,

912 1773 936 1836 t),
955 1773 996 1825 46.

552 1843 716 1900 Desperatio.
740 1857 742 1863 ⁴

292 1930 344 1976 Una
371 1931 436 1975 selus
464 1929 546 1988 vietis,
574 1929 664 1974 nullam
690 1943 785 1986 sperone
812 1931 919 1976 sulutem.
956 1929 1030 1976 Vrue.

814 2015 876 2062 Aen.
895 2010 919 2073 2,
938 2009 997 2062 354.

293 2099 340 2152 Qui
357 2099 391 2145 nil
409 2100 490 2156 potest
498 2111 602 2157 sperare,
615 2097 725 2155 desperet
737 2097 806 2145 nihil.
825 2097 885 2145 Sere.
896 2097 963 2146 Med.
974 2093 1031 2147 163.

291 2183 454 2230 Miserrimum
476 2186 513 2229 est
536 2183 633 2242 timere,
658 2197 731 2241 quum
757 2196 838 2239 speres
865 2183 934 2230 nihil.
970 2183 1031 2229 Suu.

822 2266 914 2315 Proeti.
938 2262 997 2316 425.

293 2354 368 2410 Saepe
394 2352 528 2410 desperatio
553 2352 604 2409 spei
625 2366 695 2398 ceusu
725 2355 769 2398 est.
805 2352 883 2402 Coun.
911 2352 940 2400 de
969 2353 1031 2414 gest.

709 2438 780 2485 Ater.
798 2432 823 2497 5,
841 2432 858 2484 4
876 2433 938 2499 (16),
956 2433 997 2486 31.

292 2521 433 2581 Desperatio
460 2537 570 2582 maguum
595 2522 625 2569 ud
648 2523 747 2568 honeste
773 2521 921 2568 moriendum
946 2521 1032 2569 incita-

241 2611 355 2656 mentum.
392 2607 470 2654 Ounr.
489 2607 518 2656 de
536 2611 596 2669 gest.
614 2609 687 2656 Ater.
706 2603 730 2666 9,
748 2602 765 2655 5
783 2601 845 2668 (19),
863 2602 887 2655 6.

255 2841 258 2845 .
293 2795 339 2842 Est
356 2794 463 2853 proferto
481 2794 553 2854 deus,
578 2727 703 2854 qiieiliee
726 2808 770 2839 nes
796 2793 900 2852 gerimus
918 2792 1032 2852 auditque

766 2880 790 2924 et
807 2877 879 2924 videt.

571 2963 671 3010 Pneur.
691 2961 763 3024 Cept.
782 2959 806 3022 2,
825 2958 849 3018 2,
867 2957 901 3010 63
919 2957 998 3023 (313).
