2596 3532
604 406 620 456 3

269 584 309 632 Sie
332 581 467 629 habendum
489 582 526 626 est
549 579 640 625 nullam
663 577 689 624 in
712 577 826 624 amicitiis
849 581 942 636 pestem
960 592 1014 624 esse

218 669 332 730 majorem
350 680 420 726 quam
444 664 617 722 adulationem,
640 661 797 721 blanditiam,
816 663 1012 710 assentationem.

646 749 699 794 cro.
717 747 748 796 de
765 748 858 797 oinioit.
876 744 918 808 25,
937 744 978 796 91.

272 838 370 896 Semper
386 848 484 894 maguae
500 833 611 880 fortunae
630 847 708 879 comes
725 835 762 880 est
779 833 892 880 adulatio.
929 833 1012 879 Vnnn.

585 917 648 964 Par.
668 917 725 966 hist.
746 917 816 966 Rom.
834 915 859 978 2,
878 915 936 978 102,
954 914 978 966 3.

273 1005 431 1052 Adulatorum
448 1007 473 1050 et
489 1017 562 1062 prava
574 1002 723 1050 laudantium
736 1017 813 1049 sermo
827 1002 918 1050 diutius
933 1003 1019 1050 haeret

223 1105 294 1151 qnam
311 1088 414 1138 auditur.
454 1089 513 1137 Suu.
532 1088 604 1148 episi.
624 1082 681 1147 123,
701 1082 717 1135 8
736 1083 780 1150 (9).

276 1175 349 1222 Pauci
366 1188 442 1233 reges,
460 1188 508 1219 non
526 1187 599 1232 regne
610 1173 699 1220 colunt.
728 1173 788 1220 San.
809 1172 882 1220 Herc.
895 1174 946 1221 Oet.
957 1169 1017 1221 617.

511 1273 645 1321 Adversas
662 1285 714 1320 res.

278 1361 357 1410 Habet
375 1359 401 1406 iu
419 1358 632 1418 advorsisauxiliu,
651 1358 731 1416 quiin
749 1358 859 1406 seoundis
877 1359 1019 1406 commodat.

715 1443 742 1489 P.
762 1443 827 1490 Sim
847 1450 908 1492 seni.
927 1441 985 1493 513.

280 1530 399 1578 Adversae
407 1541 446 1574 res
460 1527 588 1574 admonent
596 1527 746 1586 religionum.
771 1525 828 1574 le.
839 1526 898 1576 hist.
908 1525 933 1590 5,
944 1525 986 1589 51,
996 1525 1020 1578 8.

281 1614 440 1661 Adversarum
463 1613 567 1672 impetus
590 1626 670 1658 rerum
697 1611 743 1658 viri
770 1610 841 1660 fortis
871 1628 920 1660 non
949 1614 1024 1662 vertit

229 1701 341 1748 animum.
375 1700 435 1746 Sum.
454 1698 484 1746 de
501 1697 595 1760 prouid.
613 1692 638 1758 2,
656 1693 679 1744 l.

282 1785 362 1832 Rebus
380 1784 489 1844 angustis
506 1783 629 1830 animosus
645 1785 716 1840 atquo

282 1869 353 1918 fortis
372 1883 466 1928 appare.
503 1867 606 1914 Honrr.
627 1881 704 1915 cumn.
723 1863 747 1926 2,
766 1863 807 1927 10,
825 1863 858 1915 21
876 1883 914 1931 aq.

284 1956 390 2014 Aequam
408 1956 524 1999 memento
542 1952 613 1999 rebus
631 1953 657 1998 in
674 1950 757 1998 arduis

285 2053 379 2085 servaro
397 2040 506 2084 mentem.
543 2036 644 2084 Hom.
665 2050 741 2084 eorm.
760 2032 784 2096 2,
802 2032 827 2096 3,
846 2035 860 2086 1
879 2052 915 2099 sq.

439 2114 517 2161 vivite
534 2113 609 2160 fortes

285 2191 404 2250 fortiaque
428 2191 534 2237 adramis
557 2191 672 2248 opponite
689 2194 786 2248 peotora
807 2192 886 2238 rebus.
922 2193 1029 2241 Honor.

727 2279 777 2324 sot.
795 2271 820 2336 2,
844 2273 937 2336 2135
957 2293 993 2341 sq.

441 2360 607 2406 Convivatoris
624 2361 661 2407 uti
679 2359 747 2407 dueis
764 2361 886 2420 ingenium
902 2377 941 2410 res

207 2437 218 2450 ⁸
289 2443 400 2492 adversae
418 2444 507 2491 nudare
520 2445 606 2502 solent,
625 2446 700 2492 oelare
713 2445 837 2492 secundae.
866 2446 968 2494 Honor.
981 2454 1032 2497 sot,

823 2526 996 2596 zdwm

292 2614 397 2661 Possunt
419 2613 490 2660 fidem
514 2614 629 2674 seeundo,
659 2619 683 2661 at
708 2614 808 2662 adversa
830 2615 934 2676 exigunt.
972 2619 1034 2666 Suu.

829 2703 921 2762 Agora.
939 2697 998 2751 934.

294 2783 375 2830 Rebus
390 2785 415 2832 in
432 2786 541 2844 augustis
557 2785 627 2833 laoile
645 2788 682 2831 est
700 2788 849 2831 contemnere
866 2785 950 2833 vitam:

330 2867 426 2916 sortiter
442 2868 484 2916 ille
500 2869 566 2928 iacit,
585 2870 626 2929 qui
638 2870 712 2916 misor
724 2883 776 2916 esse
787 2871 876 2928 potest.
901 2869 1036 2920 Manrrnu.

695 2955 774 3016 epigr.
795 2949 835 3012 11,
853 2947 895 3013 56,
914 2951 947 3003 15
965 2971 1000 3020 sq.

853 3033 884 3072 1*
