2596 3532
637 435 670 488 28

308 613 384 660 Cusus
402 612 491 670 ubique
508 611 578 658 velet.
616 611 714 668 Semper
730 609 777 656 tibi
794 609 896 668 pendeat
913 612 1011 658 humus:

343 712 390 756 quo
407 696 508 742 minime
523 695 605 742 credes
623 694 726 755 gurgite,
743 695 818 752 piscis
835 695 889 744 erit.
917 696 992 744 Ovm.
1004 700 1051 745 art.

726 837 729 842 Ι
804 793 854 827 am.
871 775 897 840 3,
914 775 965 828 425
982 795 1018 844 sq.

310 863 385 916 Quem
409 878 478 922 saepe
502 865 591 912 transit
614 878 683 911 cesus
709 863 838 923 aliquando
855 863 954 911 invenit.
991 865 1051 912 Stre.

794 948 868 997 Herc.
881 947 941 1011 sier.
959 945 1017 998 328.

308 1033 357 1080 Ubi
374 1033 467 1080 enimus
485 1036 562 1092 erret,
586 1033 704 1091 optimum
726 1034 764 1079 est
781 1045 861 1079 cesum
879 1033 955 1092 sequi.
992 1035 1052 1082 sm.

850 1120 941 1179 Agam.
960 1111 1017 1166 144.

310 1203 385 1249 Ouecu
402 1205 439 1249 est
455 1202 587 1263 temeritas,
609 1216 669 1261 quae
685 1201 748 1259 petit
765 1215 846 1250 ereum
864 1201 954 1249 ducem.
990 1203 1051 1252 Seu.

848 1288 940 1347 Agam.
960 1282 1017 1335 145.

309 1372 329 1420 0
347 1373 462 1431 quantum
480 1371 517 1416 est
534 1369 622 1417 subitis
640 1370 735 1418 curibus
752 1370 888 1430 ingenium!
916 1371 1050 1420 Murum.

791 1454 914 1516 despect.
933 1451 974 1517 14,
991 1454 1016 1504 4.

463 1519 539 1574 Quam
557 1536 627 1581 saepe
644 1523 706 1570 forte
723 1526 811 1570 temere

309 1607 422 1654 eveniunt
439 1620 498 1666 quae
515 1621 564 1653 non
581 1607 668 1654 audeus
686 1608 782 1665 optare!
810 1609 926 1655 Turnum
949 1607 1049 1657 Phorm.

754 1687 779 1754 5,
797 1687 820 1751 1,
838 1687 872 1740 30
890 1687 960 1756 (757)
978 1707 1015 1756 sq.

609 1778 701 1826 Gaura.

310 1879 375 1926 Mula
387 1881 463 1927 ‘ceusu
480 1881 518 1926 est
534 1892 594 1937 quae
610 1879 713 1938 requirit
733 1879 929 1927 miserieordium.
947 1879 975 1926 P.
986 1880 1050 1927 Srru

876 1968 937 2012 sent.
956 1959 1015 2014 263.

309 2047 438 2096 Manifesta
462 2062 532 2096 cenea
556 2061 635 2096 seeum
659 2048 731 2096 hebet
746 2046 904 2097 'sententiam
939 2049 966 2095 P.
986 2049 1049 2095 Srm

877 2137 937 2182 sent.
956 2129 1013 2184 285.

604 2201 710 2249 cavere.

310 2299 358 2354 Qui
381 2304 447 2350 eevet
470 2315 499 2348 ne
522 2301 668 2364 decipietur,
698 2303 739 2351 vix
768 2307 848 2364 cavet,
881 2317 953 2363 quom
977 2304 1049 2353 etiem

824 2391 897 2435 earet.

309 2471 390 2518 Etiam
407 2485 480 2530 quom
497 2471 587 2518 cavisse
603 2476 670 2519 retus
689 2475 738 2533 est,
762 2485 832 2531 saepe
853 2473 875 2520 is
893 2476 976 2520 centor
993 2486 1048 2531 tep-

794 2559 833 2604 tue
851 2560 896 2606 est.

558 2640 657 2688 Pnnun.
677 2641 748 2703 Cupi.
767 2638 792 2703 2,
810 2639 835 2702 2,
852 2637 870 2690 5
888 2637 958 2704 (255)
976 2656 1012 2705 sq.

309 2725 345 2771 Tu
354 2721 604 2785 quodueverepossis,
618 2727 719 2773 stultum
731 2725 856 2774 admittere
869 2729 912 2774 est.
930 2727 1044 2777 Tnnnur.

714 2809 778 2858 Eun.
796 2807 821 2871 4,
839 2807 864 2871 6,
881 2806 915 2859 23
933 2807 1011 2874 (761).

309 2892 393 2940 Serum
416 2895 453 2940 est
476 2893 573 2941 terendi
595 2898 689 2953 tempus
710 2893 734 2941 in
758 2894 844 2942 mediis
870 2896 947 2943 mulis.
984 2897 1044 2946 Seu.

837 2979 935 3043 Thyrsi.
952 2977 1010 3031 487.
