2596 3532
634 431 668 482 ‘24

252 607 294 653 dat
310 605 426 652 beneficia
444 605 501 651 deos
518 603 637 665 imitatur,
656 605 697 663 qui
715 604 804 662 repetit
817 603 972 652 feneratores.
991 604 1053 652 San.

253 692 282 740 de
302 689 382 752 benef.
401 685 426 749 3,
445 685 486 748 15,
505 687 521 736 3
539 685 585 751 (4).

306 773 370 827 Quid
387 777 424 821 cst
446 773 503 820 dare
525 772 683 820 beneficium?
710 773 780 819 deum
803 773 902 820 imitari.
939 773 999 820 San.
1023 773 1053 822 de

840 871 900 905 mer.
920 871 958 904 no.
976 853 1018 906 47.

306 943 376 990 Istud
393 958 441 989 nen
458 943 614 1002 beneficium,
640 941 683 988 sad
706 940 775 987 fenus
798 945 847 1000 est,
871 941 1054 1000 circumspicere

253 1044 302 1076 nen
319 1029 362 1075 ubi
380 1028 469 1086 optime
487 1041 575 1086 ponas,
601 1025 643 1072 sed
665 1025 708 1072 ubi
725 1025 939 1084 quaestuosissime
956 1027 1052 1086 habeas,

254 1113 317 1160 unde
335 1113 450 1159 facillime
467 1113 547 1158 tollas.
584 1111 643 1158 aar.
662 1109 693 1158 de
711 1110 785 1171 bones¹
804 1106 829 1170 4,
846 1105 872 1170 3,
890 1105 913 1157 3.

307 1199 386 1255 Turpe
404 1200 441 1243 eat
458 1196 581 1243 beneficiis
598 1196 669 1244 vinci.
706 1195 766 1242 Sars.
789 1195 819 1243 de
842 1194 922 1258 benef.
940 1191 965 1256 5,
984 1193 1008 1254 2,
1026 1191 1051 1243 1.

582 1331 728 1391 Benignns.

307 1451 430 1510 Benignue
443 1450 515 1496 etiam
527 1449 600 1496 dandi
610 1463 705 1496 causam
714 1449 812 1510 cogitat.
830 1449 858 1496 P.
867 1449 931 1496 Sam
940 1454 1001 1498 sent.
1008 1446 1050 1500 59.

573 1584 734 1632 Blanditiae.

307 1688 387 1734 Habet
400 1701 469 1733 sunm
479 1699 594 1732 venenum
604 1685 693 1732 blanda
705 1685 790 1732 oratio.
809 1686 836 1732 P.
846 1687 980 1734 Sra1sent.
992 1682 1049 1736 185.

307 1772 406 1819 Virtute
424 1771 488 1830 qued
505 1785 554 1817 nen
570 1771 658 1829 pessis,
676 1769 794 1817 blanditia
811 1770 912 1818 auferas.
948 1772 975 1818 P.
987 1773 1050 1820 Sum
1122 1825 1127 1832 ,

874 1861 936 1904 aeut.
955 1851 1013 1905 495.

309 1941 328 1990 0
346 1940 420 1987 nullis
445 1943 525 1986 tutum
542 1939 637 1986 credere
653 1937 787 1986 blanditiis.
823 1940 952 1986 Paoraan.
972 1955 1049 1989 cam.

871 2022 895 2084 1,
914 2021 955 2085 15,
971 2021 1013 2074 42.

282 2143 284 2148 -
308 2109 404 2157 Habent
426 2108 528 2155 insidias
553 2108 658 2154 hominis
682 2107 813 2155 blanditiae
830 2109 895 2156 mali.
931 2111 1049 2157 Peranna.

740 2221 751 2252 ·,
807 2191 869 2255 sab.
888 2191 912 2254 1,
930 2190 972 2254 21,
990 2191 1013 2242 1.

541 2294 647 2341 Bonum.
683 2292 764 2343 Bona.

309 2398 408 2456 Sapiens
426 2400 449 2444 et
466 2395 555 2442 benum
572 2394 634 2442 serre
650 2397 731 2453 potest
742 2393 834 2442 medice
851 2397 874 2443 et
892 2396 980 2442 malum
997 2395 1048 2443 icr-

669 2480 727 2526 titer
745 2481 786 2526 aut
802 2479 894 2526 leviter.

345 2565 428 2612 Vana.
446 2568 495 2612 sat.
515 2562 628 2625 Menipp.
647 2558 689 2624 33,
706 2557 731 2610 4.
749 2576 775 2624 p.
795 2557 844 2610 129
862 2564 897 2612 ed.
920 2563 1012 2613 chler.

461 2647 563 2694 Perdere
581 2651 617 2694 est
635 2647 722 2708 dignus
738 2647 808 2708 bena,

257 2734 313 2792 quis
330 2732 408 2780 nescit
423 2732 467 2780 uti.
505 2733 563 2781 sm.
583 2732 688 2794 Hippot.
706 2725 758 2780 442
774 2745 810 2793 sq.

310 2969 396 3017 Omnes
413 2969 489 3014 bones
506 2968 628 3026 bonasque
646 2981 755 3014 accurare
772 2965 877 3026 addecet,
