2608 3524
626 372 676 426 125

303 547 401 595 Potenti
423 545 496 594 iraaei
519 546 566 593 sibi
588 546 703 604 parielum
721 547 758 593 eat
775 559 896 604 quaerere.
932 545 960 590 P.
980 545 1044 592 Sam

869 633 930 677 seat.
949 623 1008 678 378.

301 715 357 762 Non
373 715 402 763 fit
419 715 470 762 aine
488 715 577 772 pariclo
595 714 688 762 facinus
701 729 813 774 magnum
824 729 867 762 nea
881 713 1042 760 memorabile.

474 800 589 848 Tantane.
608 799 696 848 Heaut.
716 801 771 848 tim.
788 795 812 860 2,
831 794 856 859 3,
875 793 909 846 73
927 794 1007 862 (314).

302 883 350 931 Sua
367 886 468 944 quiaque
485 884 590 942 pericula
608 885 691 932 nescit.
722 883 819 930 Lucia.
835 881 925 932 Phara.
947 879 1041 944 7‚133.

273 1059 277 1069 ¹
555 1003 735 1064 Philosophia.

293 1086 436 1147 Numquam
459 1088 553 1136 laudari
580 1089 640 1137 satia
667 1089 739 1150 digne
765 1089 918 1147 philosophia
943 1089 1041 1147 poterit,

249 1172 288 1218 eui
305 1173 347 1230 qui
363 1176 446 1231 pareat
464 1187 533 1220 omne
550 1177 644 1232 tempus
663 1174 749 1222 aetatis
767 1175 818 1222 sine
835 1173 946 1222 molestia
963 1173 1042 1232 possit

250 1254 342 1316 degere.
379 1257 430 1304 010.
450 1258 480 1306 de
495 1263 584 1307 sancet.
605 1255 627 1305 1.
647 1260 670 1318 ξ.
690 1255 713 1308 2.

593 1377 692 1426 Pietas.

261 1477 267 1486 ’
298 1463 379 1510 Pietas
396 1461 577 1510 fundamentum
596 1465 633 1510 est
649 1463 756 1510 omnium
773 1463 898 1510 viltutum.
929 1463 981 1510 (lic.
994 1475 1041 1522 pro

792 1548 880 1596 Plane.
903 1543 945 1607 1⁶2,
963 1543 1004 1596 29.

297 1631 385 1680 Redire
402 1633 489 1692 pietas,
508 1631 570 1678 unda
588 1635 706 1679 summota
724 1636 769 1692 est,
788 1633 857 1692 solet,

296 1719 440 1776 reparatque
457 1716 520 1764 vires
535 1717 617 1776 justus
634 1717 736 1764 amissas
755 1730 828 1764 amor.
857 1717 918 1764 San.
938 1713 1038 1778 Tipasa

314 1843 315 1847 ,
899 1795 952 1850 474
968 1813 1004 1862 sq.

295 1886 368 1934 Nulla
385 1885 421 1933 via
439 1886 516 1947 major
533 1887 622 1945 pietate
639 1901 695 1934 vara
712 1889 756 1933 eat.
788 1887 848 1932 sia.
867 1884 966 1946 l'hpest.
979 1881 1037 1934 549.

448 1972 490 2018 Ira
506 1972 621 2029 pietatem
637 1969 714 2031 fugat,

294 2055 402 2116 iramque
419 2056 505 2114 pietas.
543 2057 602 2104 sna.
622 2045 694 2104 Mad.
714 2051 764 2104 943
783 2070 818 2119 aq.

596 2173 684 2234 rigor.

292 2276 371 2324 Nimis
389 2277 460 2322 homo
478 2275 550 2322 nihili
567 2279 612 2335 eat,
631 2275 674 2334 qui
690 2276 759 2336 piger
776 2279 820 2324 eat.
855 2278 956 2324 PLAUT.
974 2277 1037 2325 Rae.

785 2355 810 2422 4,
828 2358 853 2422 2,
872 2357 905 2410 15
923 2356 1003 2425 (920).

546 2443 729 2493 Plaaabilitaa.

292 2545 361 2593 Nihil
372 2547 526 2607 laudabilius,
539 2547 600 2594 nihil
613 2561 699 2606 magno
712 2548 736 2593 et
747 2548 870 2604 praeclaro
880 2548 932 2594 viro
943 2547 1039 2607 dignius

242 2631 407 2688 placabilitate
425 2635 496 2692 atque
514 2632 647 2679 clementia.
683 2631 735 2678 010.
760 2632 790 2680 de
807 2629 875 2692 offla
895 2627 919 2689 1,
937 2628 979 2691 25,
997 2628 1039 2681 88.

576 2751 695 2800 Plaeera.

248 2891 253 2898 ⁴
291 2835 346 2881 Non
364 2849 436 2894 quam
454 2835 538 2882 multis
557 2836 660 2897 placeas,
680 2837 721 2883 sad
739 2837 862 2897 qualibus,
880 2835 958 2884 stude.
979 2837 1039 2884 Saea.

795 2923 825 2970 de
843 2935 902 2969 mor.
921 2935 961 2968 aa.
979 2917 1004 2970 8.
