2596 3532
616 409 648 462 15

602 581 660 632 Ars.

284 683 357 730 Nulla
374 697 413 729 ars
430 683 509 731 literis
527 684 578 731 sine
595 685 727 745 interprete
750 689 774 734 et
792 687 843 735 sine
861 689 941 749 aliqua
959 705 1027 738 exer-

231 767 346 815 citatione
363 767 455 826 percipi
471 771 559 827 potest.
596 769 648 817 Orc.
674 771 745 832 epist.
766 771 799 820 ad
811 772 877 832 fem.
898 769 982 836 7‚·19‚
1001 774 1024 826 1.

285 853 312 900 si
329 854 387 900 latet
405 868 452 913 urs,
470 854 576 912 prodest.
613 855 688 903 Ovrn.
709 861 756 904 art.
777 872 825 905 cm.
844 855 868 918 2,
886 855 945 908 313.

557 991 704 1051 Asperitas.

284 1090 387 1137 Dextera
403 1091 530 1149 praecipue
547 1092 611 1151 capit
627 1092 777 1153 indulgentia
794 1097 893 1142 mentes.

317 1176 442 1234 Asperitas
459 1175 541 1222 odium
559 1189 674 1236 saevaque
690 1177 754 1224 bella
771 1181 856 1226 movet.
879 1179 954 1228 Ovm.
975 1184 1023 1228 ert.

776 1259 988 1325 mzffim

546 1344 709 1394 assentatio.

283 1447 374 1494 Vitium
392 1447 460 1505 prius
477 1429 525 1494 'fuit
542 1449 681 1509 assentatio,
699 1463 762 1497 auno
780 1451 817 1496 eet
833 1463 893 1496 mos.
918 1449 945 1496 P.
960 1451 1023 1498 Srnr

850 1537 911 1582 sent.
931 1529 987 1582 773.

282 1615 475 1663 Benevolentiam
487 1614 572 1661 civium
582 1615 708 1665 blanditiis
721 1621 745 1664 at
756 1619 899 1666 assentando
911 1617 1023 1679 colligere

230 1703 300 1758 turpe
317 1703 361 1747 est.
398 1700 450 1747 Ore.
469 1699 498 1747 de
516 1701 609 1748 amicit.
629 1697 669 1760 17,
687 1697 728 1749 61.

446 1817 612 1868 assuescere.
648 1819 806 1869 Assuetudc.

282 1901 352 1956 Quod
368 1905 428 1950 male
445 1903 503 1964 fers,
521 1917 638 1965 assuesce,
656 1903 718 1951 feres
736 1905 802 1952 bene.
826 1907 902 1955 multa
913 1909 1020 1954 vetustas

313 1988 381 2036 lenit.
417 1987 491 2036 Ovio.
511 1992 558 2036 ort.
579 2003 626 2036 aer.
645 1984 669 2050 2,
687 1983 737 2038 647
755 2004 792 2052 aq.

280 2073 415 2132 Numquam
431 2073 543 2120 immanis
560 2073 614 2133 erit,
631 2074 720 2133 placita
737 2073 890 2122 assuetudine
907 2075 988 2122 vultus

280 2158 322 2216 qui
339 2159 411 2205 semel
428 2157 548 2206 imbuerit.
576 2172 649 2219 rugas
666 2159 768 2206 nutricis
786 2159 883 2218 amabit,

268 2244 322 2303 ,qui
338 2242 427 2303 refugit
444 2247 551 2289 matrem.
578 2257 669 2301 pappos
688 2243 800 2302 aviasque
816 2247 919 2290 trement

280 2327 415 2376 anteferunt
432 2327 541 2385 patribus
559 2327 608 2374 seri
624 2341 685 2374 nova
702 2341 758 2376 eura
785 2330 891 2386 nepotes.
910 2317 1017 2376 “iosos

748 2413 817 2474 adult.
838 2408 863 2474 4,
883 2409 915 2461 16
931 2427 982 2474 sqq.

579 2477 667 2528 Astra.

278 2565 333 2612 Non
356 2568 393 2612 est
415 2563 444 2610 ad
467 2567 532 2611 astra
557 2565 637 2611 mollis
656 2565 757 2613 eternis
780 2565 825 2611 via.
862 2566 922 2613 Suu.
942 2565 1017 2614 Herc.

853 2650 906 2710 fur.
924 2644 983 2698 437.

504 2715 604 2765 Auctor
622 2717 739 2768 scalaris.

430 2801 485 2849 Non
502 2803 541 2848 lex
558 2803 656 2861 aequior
672 2802 722 2848 ulla
740 2805 784 2863 est,

313 2901 382 2946 quarn
401 2887 465 2933 necis
483 2887 587 2934 artifices
605 2891 655 2935 arte
675 2887 754 2945 perire
778 2901 827 2934 sua.
865 2888 939 2935 Ovru.
968 2893 1014 2936 art.

770 2987 818 3021 unc.
839 2970 861 3032 l,
879 2968 929 3020 655>
945 2986 981 3034 eq.
