2596 3532
633 381 668 434 39

302 556 367 603 Deos
385 569 494 601 maxume
512 569 614 614 aequum
632 558 668 602 est
688 559 801 604 metuero.
838 557 937 604 Prior.
957 557 1049 607 Pseud.

797 637 820 700 1,
838 636 863 701 3,
881 637 916 690 35
934 638 1014 704 (269).

303 725 370 773 Nihil
394 727 442 784 est,
466 723 531 783 quod
554 723 611 770 deus
636 723 729 772 efficere
753 740 801 772 non
824 726 910 782 possit.
948 726 1001 776 Clo.
1020 727 1050 776 de

772 806 850 858 divin.
869 807 893 870 2,
911 806 953 870 41,
972 807 1014 860 86.

303 895 373 943 Nihil
385 896 542 940 humanarum
557 908 636 940 rorum
649 895 700 940 sine
715 894 813 942 deorum
833 895 929 941 numine
949 895 1048 955 geritur.

651 979 731 1027 Gonu.
749 979 814 1026 Nrr.
839 978 928 1026 Timet.
946 975 971 1039 4,
989 976 1014 1028 4.

304 1065 369 1111 Deus
388 1063 467 1109 omnia
484 1064 558 1112 novit.
596 1065 672 1110 Ovrn.
690 1078 720 1110 aa
739 1063 813 1110 Pont.
834 1059 857 1123 1,
875 1059 900 1123 2,
920 1059 959 1112 73.

305 1149 422 1197 Flectitur
438 1149 515 1196 iratus
533 1161 589 1194 voce
606 1151 705 1206 rogante
723 1147 789 1194 deus.
826 1147 902 1196 Ovrn.
926 1153 973 1196 ort.
999 1163 1047 1196 am.

913 1229 936 1292 1,
954 1229 1012 1282 442.

306 1318 383 1364 Deum
401 1318 466 1374 oolit,
485 1319 527 1378 qui
544 1319 619 1364 novit.
656 1319 718 1366 Sur.
736 1319 811 1379 epist.
830 1312 870 1377 95,
888 1311 930 1365 47.

308 1403 371 1451 Satis
390 1402 447 1448 deos
466 1402 547 1461 coluit,
567 1401 676 1460 quisquis
694 1401 802 1450 imitatus
821 1407 865 1450 est.
896 1402 955 1450 Suu.
974 1403 1047 1464 epist.

513 1481 515 1486 ’
918 1483 959 1546 95,
972 1485 1014 1536 00.

306 1572 374 1619 Nihil
397 1572 440 1618 deo
464 1573 570 1618 clausum
595 1575 644 1628 ost;
673 1572 774 1618 interest
798 1570 883 1616 animis
911 1572 1001 1618 nostrie
1026 1576 1049 1618 et

254 1657 440 1718 cogitationibus
458 1655 543 1702 mediis
561 1655 696 1702 intervenit.
734 1657 794 1704 Suu.
814 1655 887 1716 epist.
905 1651 948 1716 83,
968 1655 991 1705 1.

307 1742 372 1788 Deua
390 1741 500 1806 omuibus
518 1740 620 1801 negotiis
638 1740 752 1800 horisque
769 1740 879 1789 interest.
909 1741 982 1786 Pam.
994 1745 1047 1789 nat.

733 1823 789 1872 hist.
808 1820 850 1884 28,
868 1822 884 1872 2
903 1821 948 1888 (5),
972 1821 1014 1873 27.

310 1911 349 1960 Sio
376 1910 520 1971 loquendum
547 1912 583 1956 est
610 1924 662 1956 oum
689 1909 840 1969 hominibus,
865 1912 987 1969 tamquam
1013 1909 1049 1956 dii

257 1995 368 2053 audiant;
401 1996 434 2042 sie
458 1995 603 2055 loquendum
627 2010 680 2040 oum
706 1993 766 2054 diis,
794 1998 915 2054 tamquam
940 1994 1049 2042 homines

258 2081 363 2128 audiant.
394 2081 512 2128 Maoaom
530 2083 579 2128 sot.
600 2077 623 2138 1,
642 2073 666 2138 7,
684 2075 707 2127 ss.

600 2231 701 2280 Dicere.

309 2334 433 2394 Quidquid
457 2334 564 2382 dicturus
588 2347 624 2393 es,
652 2336 706 2380 ante
723 2348 794 2393 quam
811 2334 866 2382 aliis
884 2333 987 2393 dixeris,
1011 2333 1049 2380 di-

258 2421 305 2468 oito
324 2419 377 2470 tibi.
414 2421 475 2468 sm.
494 2418 523 2468 de
540 2432 601 2466 mor.
621 2432 659 2466 ao.
678 2413 736 2467 105.

615 2572 685 2620 Diae.

311 2675 383 2723 Venit
406 2678 461 2732 post
484 2675 572 2722 multoe
589 2687 637 2720 una
654 2687 736 2720 serena
754 2672 811 2718 dios.
847 2672 953 2718 umora.
973 2686 1049 2721 carm.

889 2753 913 2816 3,
932 2752 956 2816 6,
974 2752 1015 2804 32.

313 2846 394 2894 Omnis
412 2844 485 2892 habet
503 2858 546 2890 sua
558 2843 620 2890 dona
632 2843 691 2890 dies.
708 2842 840 2890 Marma.
850 2841 930 2902 epigr.
940 2838 965 2900 8,
975 2837 1015 2902 78,
1027 2839 1049 2892 7.

310 2931 383 2978 Nulla
401 2929 453 2977 dieo
470 2942 575 2976 maerore
593 2931 664 2976 carot.
702 2927 760 2976 sm.
784 2924 876 2974 Troad.
896 2922 955 2974 77..
