2608 3524
639 400 689 454 124

268 588 328 632 quae
351 575 479 621 humanam
502 575 624 622 continent
650 575 736 634 vitam,
765 573 861 620 domina
886 573 987 631 pecunia
1013 575 1056 620 eet.

525 659 645 712 Qmum.
665 659 727 708 dect.
745 654 796 706 252
813 674 836 716 p.
855 654 889 706 32
907 657 944 706 ed.
964 658 1022 719 Rip.

317 759 439 812 Quantum
457 762 557 820 quisque
576 775 619 807 suc
635 775 786 807 nummorum
803 763 882 808 servat
899 761 925 807 in
942 774 1005 820 orco,

316 848 410 891 tuntum
428 845 499 893 habet
516 849 540 894 et
556 845 619 892 fidei.
655 847 749 894 Juvuu.
768 850 817 894 sut.
836 841 861 906 3,
879 840 929 894 143
945 861 981 908 sq.

569 981 750 1029 Percontcmr.

314 1081 507 1130 Percontetorem
525 1083 615 1143 fugito;
635 1098 690 1130 nam
711 1084 821 1142 garrulus
839 1083 902 1128 idem
920 1087 964 1129 est.
1000 1081 1055 1128 Ho-

704 1180 764 1214 unu.
784 1167 856 1228 epist.
876 1161 1019 1226 1‚18‚69.

562 1303 755 1363 Peregrinatio.

312 1402 444 1449 Hominum
467 1407 553 1450 nutura
577 1405 691 1452 novitatis
716 1420 743 1451 ac
765 1404 967 1464 peregrinationis
985 1403 1055 1451 avide

260 1491 304 1533 cst.
340 1487 414 1534 Pmu.
434 1491 488 1538 nat.
508 1487 566 1537 hist.
587 1485 627 1549 17,
647 1486 680 1539 10
698 1487 760 1552 (12),
779 1484 820 1536 66.

311 1587 475 1649 Peregrinatio
492 1605 541 1637 non
557 1590 616 1638 fecit
633 1591 759 1651 medicum,
777 1604 825 1638 non
843 1595 969 1639 oratorem.
988 1591 1054 1638 nullu

260 1686 299 1717 oro
317 1673 370 1719 loco
388 1673 497 1722 discitur.
535 1675 593 1724 Suu.
613 1679 684 1738 epist.
705 1675 762 1739 104,
781 1676 814 1727 18
833 1673 894 1742 (19).

593 1829 720 1879 Perfidus.

309 1926 407 1974 Aditum
425 1929 525 2001 nocendi
542 1931 634 1988 perfido
652 1938 760 1990 praestat
780 1933 846 1979 fidos,
885 1933 943 1979 sm.
965 1927 1051 1992 Oedip.

958 2013 1016 2065 686.

574 2083 732 2132 Peniculum.

307 2180 378 2227 Ceret
395 2182 499 2242 periclo,
518 2183 559 2242 qui
582 2185 653 2232 etiem
671 2201 744 2246 quum
763 2190 799 2234 est
817 2189 892 2247 tutus,
912 2189 985 2233 cavet.
1021 2185 1049 2232 P.

807 2271 873 2318 Srm
892 2275 954 2319 cent.
975 2267 1016 2320 82.

305 2348 383 2394 Citius
405 2351 469 2396 venit
486 2352 627 2414 periculum,
646 2369 720 2413 quum
738 2357 906 2404 contemuitur.
938 2357 965 2403 P.
986 2355 1052 2402 Sum

892 2445 954 2489 sent.
974 2434 1015 2490 88.

303 2515 393 2564 Misera
411 2522 447 2565 est
465 2521 583 2579 voluptas,
603 2522 644 2569 ubi
656 2525 741 2582 pericli
753 2527 869 2572 memorie
881 2529 925 2574 est.
944 2525 972 2572 P.
987 2525 1051 2572 Sum

875 2615 937 2658 sent.
956 2606 1015 2658 293.

302 2685 437 2745 Numquam
456 2690 589 2746 periculum
607 2693 659 2739 sine
677 2693 767 2751 periclo
785 2695 897 2743 vincitur.
937 2697 965 2743 P.
987 2695 1050 2741 Sum

872 2784 935 2829 cent.
954 2775 1013 2828 342.

299 2853 393 2902 Pericle
411 2857 512 2906 timidus
532 2861 603 2908 etium
623 2877 682 2921 quae
701 2879 747 2910 non
767 2869 823 2912 sunt
842 2865 914 2912 videt.
942 2865 970 2912 P.
985 2865 1049 2912 Srur

873 2955 934 3000 cent.
949 2946 1013 3010 371.
