2596 3532
658 409 690 462 12

277 583 349 632 simul
366 584 470 630 edendos
489 596 553 642 esse,
579 585 607 629 ut
634 581 752 628 amicitiae
778 595 864 628 munus
891 582 1012 640 expletam
1028 583 1068 630 sit.

701 665 753 712 Cic.
772 666 801 713 dc
820 665 915 714 amicit.
934 661 975 726 19,
994 661 1034 714 67.

329 754 362 800 Et
380 752 495 799 secundas
517 767 556 798 res
580 751 754 809 splendidiores
777 749 836 797 fecit
858 751 964 798 amicitia
986 753 1009 798 et
1027 737 1086 798 ad?

278 852 359 886 versas
376 837 483 895 partiens
501 837 723 892 communicansque
740 835 849 882 leviores.
886 835 938 882 010.
960 835 990 882 dc
1008 837 1069 884 omi·
1115 883 1117 887 ,

772 979 774 985 Ι
889 919 932 968 cit.
952 916 976 979 6,
993 915 1034 968 22.

331 1007 414 1053 Virtus
441 1009 466 1052 et
488 1004 599 1052 conciliat
623 1003 741 1050 amicitias
759 1005 783 1050 et
801 1007 932 1052 conservat.
968 1005 1020 1051 010.
1039 1005 1069 1052 de

683 1087 685 1091 '
803 1089 898 1151 amicit.
916 1085 958 1149 27,
976 1087 1033 1140 100.

331 1175 454 1220 Virtutum
477 1173 582 1220 amicitia
605 1159 711 1232 adjutrix
734 1187 747 1219 a
771 1173 929 1234 naturadata
947 1177 997 1233 est,
1021 1187 1069 1220 non

279 1259 392 1308 vitiorum
411 1271 496 1304 comes.
533 1257 584 1304 Oic.
604 1256 633 1304 de
652 1257 746 1304 amicit.
765 1253 807 1318 22,
825 1241 871 1306 83.

332 1359 405 1406 Vetus
423 1362 460 1405 est
476 1359 515 1404 lex
532 1358 574 1404 illa
588 1359 669 1418 J'ustae
686 1371 801 1417 veraeque
817 1359 943 1418 amicitiae,
961 1363 988 1406 ut
1005 1359 1068 1406 idem

280 1435 350 1492 amici
367 1457 460 1500 semper
476 1442 564 1502 velint,
588 1457 664 1500 neque
687 1447 724 1488 est
746 1443 822 1488 ullum
845 1443 962 1492 amicitiae
980 1445 1068 1491 certius
1087 1472 1089 1476 ·

277 1529 398 1575 vinculum
415 1541 487 1584 qnam
504 1541 633 1572 consensus
652 1530 675 1573 et
693 1526 794 1572 societas
813 1528 967 1575 consiliorum
985 1532 1008 1576 et
1025 1544 1066 1576 vo-

278 1613 405 1658 luntatum.
442 1611 493 1656 cic.
512 1625 558 1672 pro
577 1611 664 1658 Pione.
684 1607 708 1670 2,
726 1607 750 1658 5.

330 1713 396 1758 Idem
413 1713 472 1758 velle
490 1714 561 1769 atque
577 1711 641 1757 idem
658 1713 734 1772 nolle,
759 1727 786 1759 ea
810 1713 902 1785 demum
920 1715 988 1761 firrna
1006 1715 1064 1762 ami·
1138 1781 1141 1786 ι

279 1797 335 1844 citia
353 1801 397 1844 est.
434 1797 559 1844 sinuoso.
581 1795 653 1844 Cotit.
671 1794 713 1856 20,
731 1793 755 1844 4.
809 1787 811 1792 ’

329 1883 408 1938 Turpe
426 1879 521 1939 quidem
538 1880 612 1936 dictu,
630 1880 672 1926 sed
690 1881 808 1944 (simodo
826 1877 881 1929 vera
898 1882 1009 1946 fatemur)

363 1965 448 2024 uulgus
473 1965 590 2012 amicitias
611 1965 716 2012 utilitate
733 1966 826 2024 probat.
863 1967 937 2014 Ovio.
950 1983 980 2015 aa·
992 1969 1063 2018 Pont.
1151 1961 1157 1965 ”

876 2048 893 2099 2
919 2048 935 2100 3
963 2048 1029 2100 ἵε.

329 2134 378 2180 Diu
392 2133 478 2192 cogita
502 2147 531 2180 an
553 2133 599 2180 tibi
622 2135 648 2180 in
665 2135 794 2182 amicitiam
811 2088 901 2194 aliquis,
915 2068 1065 2194 recipieridns

278 2217 318 2266 sit.
333 2232 405 2277 quum
417 2217 533 2276 placuerit
549 2219 609 2278 fieri,
626 2221 678 2265 toto
695 2219 764 2266 illum
780 2222 875 2278 pectore
887 2220 997 2268 admitte:
1016 2224 1064 2268 tam

279 2303 400 2350 audaciter
416 2317 469 2349 cum
486 2303 528 2348 illo
545 2304 642 2362 loquere
654 2318 724 2362 quam
735 2307 820 2350 tecum.
848 2305 908 2378 Sum
919 2305 991 2366 epist.
1002 2300 1026 2365 3,
1039 2302 1063 2353 2.

304 2431 305 2436 =
331 2403 378 2455 Qui
401 2403 489 2450 amicus
512 2407 548 2452 est
571 2408 648 2465 amat,
673 2407 714 2464 qui
731 2408 794 2452 amat
810 2420 858 2452 non
875 2407 958 2466 utique
975 2407 1064 2454 amicus

278 2492 321 2535 est.
357 2489 443 2547 Itaque
460 2487 565 2536 amicitia
589 2505 681 2548 semper
702 2490 812 2550 prodest,
836 2505 902 2537 amor
925 2493 996 2538 etiam
1019 2493 1063 2538 ali·

278 2573 372 2647 quando
389 2576 465 2620 nocet.
502 2574 562 2619 San.
581 2575 651 2634 epist.
670 2571 711 2634 35,
731 2572 752 2622 1.

329 2674 398 2722 Nihil
415 2675 487 2733 aeque
505 2675 658 2723 oblectaverit
675 2677 787 2736 animum,
805 2665 876 2736 quam
888 2677 993 2726 amicitia
1003 2679 1062 2726 fide-

280 2758 311 2805 lis
329 2761 353 2805 et
370 2758 454 2805 dulcis.
491 2759 548 2805 San.
567 2761 595 2808 de
608 2748 711 2830 ἡίναηᾳιῖ.
732 2757 754 2821 7,
773 2759 787 2810 1
807 2759 851 2824 (3).

254 2907 261 2924 3
329 2860 375 2906 Est
392 2859 422 2906 ad
439 2861 610 2907 connectendas
628 2862 744 2909 amicitias
762 2865 799 2909 vel
815 2865 993 2911 tenacissimum
1010 2866 1062 2912 vin-

277 2946 356 2992 culum
373 2960 465 2992 morum
483 2945 623 2993 similitudo.
658 2947 732 2995 Para.
751 2931 820 3009 epist.
839 2945 863 3008 4,
883 2944 922 3009 15,
941 2946 964 2997 2.
1022 2953 1024 2956 ’
