2608 3524
583 583 744 632 Necessitas.

315 685 452 732 Necessitas
482 684 523 734 dat
548 687 639 746 legem,
666 701 714 733 non
740 687 792 745 ipsa
818 686 912 745 accipit.
948 687 976 733 P.
997 685 1059 735 Sim

884 775 946 820 serit.
965 766 1024 820 306.

314 853 450 902 Necessitas
474 854 538 914 quod
559 855 653 916 poscit,
681 855 730 903 nisi
752 856 807 916 das,
832 855 913 915 eripit.
948 856 976 906 P.
996 857 1059 904 Srar

883 945 946 990 sent.
965 937 1024 991 308.

315 1023 489 1071 Necessitatem
505 1022 576 1083 ferre,
594 1037 641 1070 non
659 1025 715 1072 flere
734 1025 838 1074 addecet.
872 1027 902 1076 P.
914 1026 979 1074 Srru
996 1031 1059 1074 cent.

963 1106 1022 1160 309.
1082 1103 1088 1117 '

313 1194 459 1243 Necessitati
476 1194 600 1255 quodlibet
618 1194 693 1242 telum
711 1195 772 1242 utile
790 1198 834 1242 est.
872 1195 899 1242 P.
915 1197 979 1243 Srar
995 1197 1058 1243 sent.

964 1274 1023 1328 310.

314 1364 460 1412 Necessitati
483 1363 578 1422 sapiens
602 1363 663 1412 nihil
690 1377 803 1423 umquam
830 1367 908 1424 neget.
945 1363 973 1410 P.
996 1363 1060 1412 Sim

886 1451 947 1496 sent.
966 1443 1025 1496 311.

315 1533 461 1581 Necessitati
479 1535 516 1580 est
532 1531 672 1590 parendum.
709 1533 761 1580 Orc.
784 1532 813 1580 de
830 1530 896 1593 effic.
915 1527 940 1588 2,
958 1527 1000 1594 21,
1019 1527 1059 1580 74.

315 1618 428 1676 Temperi
445 1617 536 1679 cedere,
553 1616 580 1664 id
597 1620 635 1666 est
651 1617 791 1666 necessitati
800 1631 892 1677 parcre,
910 1631 1004 1674 semper
1021 1630 1060 1665 sa·

211 1766 213 1774 y
262 1702 353 1761 pientis
371 1706 408 1750 est
425 1701 542 1750 habitum.
578 1703 631 1750 c1c.
650 1703 724 1766 epist.
745 1702 778 1750 cd
790 1702 876 1762 samii.
895 1697 920 1761 4,
939 1697 964 1760 9,
981 1697 1004 1748 2.

314 1787 432 1835 Ultimum
458 1801 485 1834 ac
511 1787 642 1834 maximum
668 1788 742 1835 telum
767 1789 804 1834 est
827 1785 966 1834 necessitas.
1003 1785 1059 1833 L1v.

815 1869 877 1920 hisi.
895 1866 922 1929 4,
940 1865 982 1930 28,
1000 1865 1024 1918 5.

314 1955 452 2004 Necessitas
461 1957 516 2014 plus
528 1971 600 2016 pesse
613 1970 685 2016 quem
696 1955 774 2014 pietas
788 1956 857 2002 solet.
889 1956 948 2004 Sars.
966 1955 1060 2004 Trcad.

877 2035 1025 2103 581l585).

314 2123 402 2182 Oupies
420 2125 585 2184 quodcumque
603 2139 699 2172 necesse
719 2128 763 2172 est.
801 2125 900 2173 Lucas.
921 2124 1016 2173 Plicrc.
1034 2120 1059 2182 4,

961 2205 1020 2258 sei.

615 2277 705 2326 Neiss.

312 2375 399 2424 Audax
417 2379 497 2426 omnia
514 2381 609 2438 perpeti

347 2477 405 2523 gens
417 2463 521 2510 humana
533 2465 583 2512 ruit
594 2479 639 2524 per
650 2465 752 2512 vetitum
762 2465 837 2512 netas.
868 2465 971 2512 Hom.
983 2476 1060 2512 cerm.

853 2545 867 2596 l
894 2545 911 2596 3
938 2543 972 2596 25
989 2563 1025 2595 c.

312 2632 412 2680 Nullum
430 2633 508 2681 ceruit
526 2635 634 2692 exemplo
652 2634 727 2682 nefas.
765 2635 825 2683 sm.
846 2585 952 2696 Hippoi.
971 2564 1030 2682 554.

602 2770 717 2830 Negare,

311 2870 393 2917 Minue
412 2870 541 2933 decipitur
560 2873 599 2920 cui
616 2877 719 2933 negetur
737 2873 854 2920 celeriter.
883 2873 911 2922 P.
924 2871 1061 2920 simeoni.

967 2951 1025 3004 290.
