2596 3532
493 1033 497 1040 ,
538 968 718 1018 Abstinentis.

285 1071 380 1126 Quanto
397 1067 498 1133 (Quisque
516 1072 564 1119 sibi
580 1073 651 1130 plura
668 1073 798 1132 negaverit,

284 1159 313 1204 ab
331 1157 369 1204 dis
386 1158 457 1216 plura
473 1157 541 1205 feret.
577 1156 682 1204 Hom.
701 1171 778 1206 carm.
795 1153 820 1218 3,
842 1154 882 1231 16,
899 1153 933 1206 21
951 1173 988 1220 sq.

285 1243 346 1290 Vina
363 1241 426 1302 fugit
443 1242 577 1302 gaudetque
594 1243 667 1288 meris
685 1242 816 1290 abstemius
833 1242 913 1290 undis.
949 1243 1026 1292 Ovm.

797 1331 854 1378 met.
874 1322 914 1388 15,
931 1323 990 1376 323.

284 1413 330 1460 Est
338 1412 416 1459 virtus
424 1413 521 1470 placitis
529 1411 675 1460 abstinuisse
684 1411 761 1458 bonis.
782 1411 857 1462 Ovm.
871 1411 921 1474 her.
932 1407 973 1474 17,
983 1410 1026 1462 98.

544 1563 711 1613 Adhortetio.
756 1568 758 1572 '

284 1667 344 1714 Aoer
362 1668 385 1713 et
402 1665 433 1714 od
450 1667 541 1744 pelmse
557 1681 644 1726 perse
662 1681 775 1718 cursurus
794 1667 907 1727 honores,

318 1751 340 1798 si
357 1755 437 1800 temen
453 1749 570 1812 horteris,
595 1749 683 1800 fortius
705 1752 752 1799 ibit
775 1766 858 1812 equus.
895 1751 970 1800 Ovm.
994 1766 1024 1801 ex

613 1866 616 1872 ·
708 1833 822 1898 Ponet,
841 1832 882 1898 11,
900 1833 933 1889 21
951 1853 988 1900 sq.

551 1989 704 2039 Aoousstor.

283 2093 439 2140 Accusatores
456 2092 545 2138 multos
563 2105 615 2138 esse
632 2091 658 2138 in
676 2091 771 2138 eivitete
783 2093 843 2140 utils
855 2096 900 2153 est,
918 2096 945 2140 ut
958 2095 1023 2140 metu

231 2173 382 2228 contineatur
398 2175 510 2234 eudtcis;
529 2191 610 2222 verum
628 2180 707 2223 temen
723 2177 768 2224 hoo
787 2178 822 2224 its
844 2180 880 2225 est
898 2179 971 2239 utile,
994 2181 1023 2226 ut

231 2277 261 2310 ne
282 2261 352 2322 plane
375 2260 504 2308 illudamur
525 2261 555 2307 eb
583 2259 769 2308 accusatoribus.
805 2261 857 2308 010.
882 2275 929 2322 pro
945 2261 1022 2313 Roso.

806 2345 866 2393 Am.
886 2341 928 2408 20,
946 2343 987 2396 55.

284 2431 385 2490 Oportet
397 2445 449 2478 esse
460 2431 486 2477 in
498 2429 594 2480 eivitete
612 2432 635 2475 et
647 2433 809 2476 accusatores:
837 2432 927 2490 alioqui
943 2432 1023 2478 omnia

227 2513 361 2564 'mittuntur
396 2515 426 2562 od
460 2529 558 2576 monus,
593 2514 673 2561 omnia
702 2513 831 2562 mittuntur
861 2513 891 2560 sd
923 2514 1021 2563 sermm.

458 2597 580 2652 Qsmm.
600 2599 665 2646 Dect.
684 2595 742 2648 313.
760 2615 784 2658 p.
802 2595 852 2666 212
871 2599 908 2647 ed·
928 2599 986 2662 Bip.

479 2747 483 2757 “
545 2750 704 2800 Admonitio.

281 2831 420 2902 ffdmonitio
438 2854 542 2902 taedium
561 2853 631 2915 feeit,
657 2854 809 2913 exprobratio
831 2853 920 2902 odium.
958 2855 1019 2902 sos.

717 2940 746 2987 de
764 2939 840 3000 benef.
858 2934 882 2999 2,
902 2935 942 2998 11,
960 2935 983 2986 6.

854 3025 863 3060 l
