2608 3524
624 375 675 428 152

306 549 344 596 Ad
362 563 474 610 generum
492 550 584 597 Cereris
602 551 654 598 sine
671 549 741 597 caede
759 564 785 596 ec
802 550 900 597 vulnere
917 549 986 608 pauci

306 634 453 682 descendunt
474 649 542 695 reges
566 638 590 683 et
616 635 678 682 sicce
707 639 784 682 morte
809 635 914 695 tyranni.
950 635 1054 682 Juvnn.

780 724 829 766 sat.
849 715 891 778 10,
910 715 959 768 112
977 734 1012 781 sq.

305 803 359 850 Non
377 805 445 865 vulgi
462 819 519 852 cure
536 807 647 866 tyranno,
820 856 824 864 ‚

305 887 362 935 dum
380 903 423 936 sus
441 889 474 937 sit
490 889 561 936 modo
578 893 633 937 tuta
653 889 725 936 selus.
762 890 826 935 Vsu.
845 889 938 935 Funcc.
952 889 1050 948 Argen.

788 989 790 992 ·
865 969 890 1033 5,
908 969 959 1020 265
976 987 1011 1034 sq.

611 1060 686 1107 Usus.

305 1161 352 1208 Est
375 1175 455 1208 rerum
477 1162 583 1208 omnium
606 1160 721 1220 magister
748 1174 814 1206 usus.
850 1161 927 1208 Onus.
947 1159 976 1207 de
993 1159 1048 1208 heti.

838 1245 885 1293 civ.
904 1239 929 1304 2,
947 1241 971 1304 8,
989 1239 1013 1290 3.

308 1330 370 1378 Usus
394 1331 511 1392 magister
534 1334 571 1378 est
589 1331 702 1389 optimus.
740 1331 792 1376 Orc.
811 1343 857 1390 pro
880 1329 964 1377 Radit.
983 1332 1050 1389 pest.

945 1410 970 1472 4,
989 1409 1012 1460 9.

305 1501 378 1548 Serus
395 1502 460 1548 venit
477 1515 536 1548 usus
554 1501 584 1549 eb
602 1499 678 1548 aunis.
715 1499 790 1548 Ovm.
809 1503 864 1548 met.
884 1495 909 1560 t,
928 1494 969 1548 29.

305 1604 386 1650 Intrat
403 1617 471 1650 amor
486 1605 579 1650 mentes
595 1617 654 1662 usu,
673 1601 807 1649 dediscitur
824 1616 878 1649 usu.
915 1602 990 1650 0v1n.
1011 1614 1052 1648 re-

778 1687 839 1734 med.
858 1700 935 1735 amur.
954 1681 1012 1733 503.

610 1789 689 1836 unio.

304 1889 370 1938 Ultio
389 1891 480 1938 doloris
498 1890 617 1939 confessio
635 1894 679 1938 est.
716 1890 776 1936 Suu.
796 1889 825 1938 de
840 1890 879 1937 ira
898 1886 923 1950 3,
935 1886 960 1949 5,
973 1887 989 1938 6
1003 1886 1053 1952 (8)..

305 1975 404 2034 Semper
421 1980 445 2024 et
462 1974 553 2022 infirmi
571 1978 607 2022 est
624 1975 699 2022 enimi
717 1973 845 2034 exiguique
862 1975 974 2032 voluptas

303 2060 372 2107 ultio.
409 2062 505 2109 Juvun.
523 2063 572 2108 sut.
592 2055 632 2120 13,
651 2055 702 2108 190
719 2071 754 2120 sq.

304 2161 352 2216 Qui
369 2161 454 2210 ulcisci
473 2161 577 2222 dubitet,
595 2162 719 2219 improbos
737 2163 819 2220 plures
836 2161 903 2209 fecit.
937 2161 964 2208 P.
984 2161 1050 2207 Sum

875 2249 936 2293 sent.
954 2241 1013 2294 430.

305 2333 381 2389 Saepe
405 2331 559 2379 dissimulare
582 2332 659 2380 setius
683 2346 755 2392 quem
773 2333 809 2378 vel
828 2331 913 2378 ulcisci
929 2329 985 2377 init.
1021 2329 1051 2376 P.

533 2417 597 2466 Srsr
614 2421 677 2466 sunt.
696 2411 754 2465 541.
773 2442 807 2449 —
826 2415 862 2476 Cf.
880 2414 1015 2463 Vindicta.

609 2552 690 2601 Utile.

302 2652 403 2700 Priores
418 2657 501 2712 pentes
519 2655 570 2714 agit
592 2653 658 2713 quod
682 2653 743 2701 utile
760 2655 811 2713 eet,
835 2667 907 2713 qnam
924 2651 990 2711 quod
1008 2650 1053 2697 de·

183 2807 184 2811 Ἰ
248 2737 329 2785 lentat.
365 2739 448 2786 Vsus.
467 2739 540 2786 dere
558 2743 619 2788 rust.
639 2734 664 2798 1,
682 2735 707 2800 4,
725 2735 749 2786 2.

301 2839 377 2888 Omne
393 2840 453 2888 tulit
469 2844 595 2902 punctum,
614 2841 656 2899 qui
670 2841 769 2889 miscuit
781 2841 841 2887 utile
853 2840 925 2886 dulei.
945 2839 1052 2887 Honnn.

776 2927 850 2988 epist.
869 2922 894 2986 2,
912 2919 937 2985 3,
956 2918 1014 2971 343.
