2608 3524
625 397 675 452 120

305 569 379 617 Nefas
408 573 445 618 est
474 586 558 619 nocere
586 571 685 630 patriae.
732 573 793 618 ers.
820 571 850 620 de
878 572 919 619 ira
948 565 973 630 2,
1002 566 1051 628 31,

930 649 946 702 a
964 651 1009 719 (⁷)-

498 725 609 784 reaper.
644 724 797 784 Paupertas.

456 826 559 872 Facinus
576 826 654 873 audax
671 826 765 886 incipit,

200 967 202 977 ,
303 910 345 968 qui
363 925 416 957 cum
433 911 546 968 opulento
564 917 654 969 pauper
672 911 750 969 coepit
773 925 822 958 rem
840 910 926 958 habere
944 914 985 958 aut
1002 925 1049 957 ue—

790 996 889 1055 gotium.

567 1080 666 1127 Puram.
689 1079 743 1129 Aul.
762 1075 786 1140 3,
803 1076 828 1140 4,
849 1078 862 1126 l
883 1077 953 1143 (460)
971 1095 1008 1142 sq.

303 1164 432 1211 Hominem
455 1165 559 1223 experiri
582 1165 657 1212 muita
677 1169 805 1224 paupertas
820 1164 896 1226 jubet.
931 1165 959 1211 P.
979 1165 1043 1212 Srar

868 1253 930 1297 sent.
950 1245 1007 1297 191.

303 1330 378 1384 Quam
396 1333 496 1381 timidus
515 1337 551 1381 eat
563 1334 593 1394 is,
611 1336 776 1392 paupertatem
788 1335 830 1392 qui
842 1335 918 1382 timet.
937 1334 965 1379 P.
978 1333 1042 1380 Sam

869 1421 929 1466 sent.
948 1413 1007 1466 406.

302 1502 409 1550 Secunda
431 1504 457 1550 in
480 1506 621 1562 paupertate
643 1503 740 1551 fortuna
767 1507 804 1551 est
830 1503 896 1551 fides.
932 1505 960 1550 P.
980 1503 1041 1550 Sam

867 1593 928 1636 sent.
948 1583 1006 1638 460.

301 1671 374 1718 Curia
399 1673 544 1730 pauperibus
571 1674 651 1720 clausa
678 1676 721 1721 est.
752 1672 794 1720 dat
820 1687 904 1719 census
931 1674 1041 1720 honores.

617 1753 621 1764 '
692 1759 767 1806 Ovio.
787 1771 863 1804 amor.
881 1753 906 1818 3,
924 1753 948 1817 8,
966 1753 1006 1806 55.

300 1840 331 1886 In
347 1840 425 1898 pretio
443 1843 548 1899 pretium
565 1858 628 1890 nunc
646 1846 690 1890 ast.
709 1842 751 1889 dat
768 1855 854 1890 census
871 1843 983 1901 honores,

334 1939 419 1971 census
437 1927 562 1974 amicitias.
580 1942 671 1986 pauper
688 1927 777 1986 ubique
791 1927 862 1988 Jacet.
891 1927 967 1974 Ovrn.
976 1926 1041 1986 fact.

481 2003 483 2009 ¹
782 2019 783 2022 ’
861 2009 885 2074 1,
903 2009 953 2061 217
971 2026 1006 2074 sq.

299 2093 393 2152 Pauper
411 2099 473 2143 amet
491 2099 566 2144 caute.
584 2097 669 2146 timeat
685 2096 826 2144 maledicere
842 2111 943 2156 pauper:
1000 2157 1002 2160 Ι

332 2179 455 2239 multaque
473 2181 589 2228 divitibus
607 2196 655 2228 non
672 2181 785 2240 patienda
802 2167 872 2228 ierat]
903 2181 979 2228 Ovrn.
991 2182 1041 2229 art.

752 2282 757 2298 ³
789 2260 1005 2329 qm.2‚16‘iaq.

248 2333 267 2342 ⁴
297 2347 357 2404 Quis
383 2351 420 2395 est
443 2350 549 2406 pauper?
577 2351 619 2410 qui
642 2351 689 2397 sibi
716 2351 818 2400 videtur.
856 2350 914 2398 Seu.
934 2349 963 2398 de
981 2364 1045 2398 mor„

906 2449 945 2482 no.
964 2430 1005 2482 60.

295 2516 361 2562 Scire
379 2517 416 2564 uti
433 2521 575 2576 paupertate
591 2521 696 2566 maxime
713 2519 822 2568 felicitas.
855 2521 914 2567 Suu.
933 2521 964 2568 de
981 2535 1040 2568 mor.

888 2619 926 2653 aa.
949 2601 1005 2654 137.

293 2684 348 2730 Non
367 2686 409 2743 qui
426 2701 512 2743 parum
529 2687 615 2748 habet,
640 2689 682 2736 sed
706 2691 747 2750 qui
768 2693 823 2750 plus
843 2691 922 2750 eupit,
949 2703 1043 2749 pauper

241 2771 285 2815 est.
324 2768 384 2815 sm.
403 2771 471 2834 epist.
491 2767 516 2832 2,
534 2766 552 2819 4
571 2770 616 2835 (6).

291 2853 373 2901 Etiam
397 2853 422 2900 in
447 2857 547 2903 obsessa
564 2858 604 2904 via
620 2859 721 2918 pauperi
738 2875 784 2918 pax
803 2865 847 2908 est.
885 2861 945 2907 Sar.
964 2861 1039 2920 epist.

864 2943 905 3005 14,
924 2942 940 2993 a
958 2941 1003 3008 (9).
