2608 3524
314 544 416 592 Grauios
438 559 489 591 esse
512 545 583 593 testis
606 547 679 603 solet,
704 546 746 604 qui
768 559 782 592 a
805 561 847 592 ree
870 546 959 606 surgit.
994 545 1055 592 Suu.

671 636 778 678 centres.
796 625 813 676 4
831 626 877 692 (9),
894 625 936 679 27.
955 631 978 691 5.
998 625 1021 678 7.

314 713 394 772 Turpe
417 713 477 773 quid
500 727 614 774 ausurus,
640 717 665 761 te
691 714 743 761 sine
769 718 831 763 teste
856 716 924 764 time.
958 715 1055 761 Auser.

665 803 727 860 sept.
745 799 855 861 sapient.
873 803 937 848 rent.
957 796 980 859 7,
999 795 1023 847 1.

314 881 414 930 Nullum
438 882 559 940 putaveris
582 884 662 930 leeum
684 885 736 931 sine
759 887 828 934 teste.
865 885 925 931 Seu.
949 885 980 932 de
997 897 1058 932 mor.

924 982 963 1017 ae.
983 965 1024 1018 79.

537 1053 650 1101 Timere.
692 1054 786 1101 Timor.

316 1154 418 1202 Necesse
430 1159 467 1204 est
478 1157 567 1203 multos
579 1157 671 1216 timeat,
682 1171 752 1216 quem
763 1155 834 1204 multi
846 1157 940 1204 timent.
959 1154 1060 1203 Lnunn.

694 1241 696 1246 '
833 1255 893 1290 com.
905 1239 948 1304 sr.
968 1238 1025 1289 126.

315 1325 430 1378 Quotidie
442 1324 576 1386 damnetur,
590 1327 632 1386 qui
641 1341 734 1386 semper
741 1326 819 1374 timet.
831 1326 859 1373 P.
871 1326 935 1373 srru
944 1330 1005 1374 rent.
1019 1309 1060 1376 95.

317 1409 425 1458 Stultum
448 1414 486 1458 est
508 1410 592 1458 timere
616 1411 681 1471 quod
705 1411 780 1458 uitare
802 1425 851 1458 non
872 1411 961 1469 pessis.
998 1410 1060 1456 siu.

802 1495 832 1544 de
849 1509 909 1544 mar.
927 1509 967 1542 ne.
985 1491 1026 1544 39.

317 1580 482 1628 Miserrimum
504 1584 542 1628 est
564 1581 662 1641 timere,
687 1593 760 1640 quum
784 1593 865 1638 speres
891 1579 961 1627 nihil.
998 1577 1061 1625 Snu.

857 1663 950 1712 Τνοαά.
967 1657 1026 1712 425.

318 1749 386 1796 Nihil
404 1753 441 1798 est
458 1765 501 1798 nee
518 1749 631 1797 miserius
648 1764 691 1797 nee
709 1749 809 1797 stultius
827 1762 898 1810 quam
910 1748 1061 1806 praetimere.

772 1834 835 1881 Suu.
854 1834 926 1896 epist.
945 1829 986 1891 98,
1005 1827 1029 1880 7.

319 1918 346 1965 Si
364 1920 438 1966 vultis
455 1921 516 1967 nihil
534 1921 632 1981 timere,
655 1921 759 1980 cogitate
781 1919 862 1966 emnia
879 1932 931 1965 esse
948 1916 1062 1965 timenda.

595 2005 657 2052 Seu.
677 2009 731 2053 net.
750 2009 844 2068 qreueet.
863 1999 888 2063 6,
906 1999 931 2063 2,
949 1999 966 2052 2
984 1997 1029 2066 (3).

321 2088 369 2142 Qui
386 2104 399 2136 a
417 2090 502 2138 multis
519 2090 632 2151 timetur,
656 2091 746 2136 multos
764 2089 840 2137 timet.
876 2089 939 2137 Suu.
958 2087 988 2135 de
1005 2100 1065 2134 mer.

931 2185 970 2220 ue.
989 2165 1030 2220 61.

320 2255 396 2310 Quasi
414 2259 528 2318 quaedam
546 2261 669 2319 pusillitas
687 2259 761 2307 animi
780 2261 817 2306 eet
841 2261 882 2306 eut
899 2255 1067 2316 praetimentis

267 2344 311 2388 eut
328 2341 487 2401 desperantis.
523 2345 656 2392 Lscnnnn.
677 2345 758 2393 instit.
776 2343 827 2391 dtur.
846 2337 871 2400 6,
892 2337 932 2402 17,
952 2337 992 2390 17.

320 2427 454 2488 Degeneres
477 2431 569 2477 enimes
593 2431 667 2478 timei·
684 2429 771 2489 arguit.
807 2427 885 2475 vine.
904 2429 965 2476 Aen.
982 2421 1008 2487 4,
1027 2419 1067 2473 13.

321 2513 448 2563 Alternant
470 2529 572 2574 spesque
599 2515 720 2576 timorque
746 2513 826 2560 fidem.
864 2513 940 2560 0vru.
965 2509 1018 2559 lter.
1044 2505 1069 2568 6,

765 2593 807 2647 38.
827 2623 860 2633 -
883 2595 921 2658 Cf.
938 2595 1035 2642 Metus.

519 2736 714 2797 tranquillitas
731 2734 822 2782 enimi.

264 2879 266 2885 .
321 2835 376 2882 Non
393 2839 497 2885 multum
514 2839 544 2885 ed
556 2839 759 2898 tranquillitatem
768 2838 835 2884 loeus
848 2835 955 2884 confert:
975 2831 1070 2880 animus

267 2922 315 2980 eet,
334 2919 377 2978 qui
394 2920 442 2968 sibi
460 2924 608 2972 sommendet
626 2923 713 2971 omnia.
751 2924 814 2972 Suu.
835 2923 908 2985 epist.
928 2916 969 2980 55,
988 2915 1012 2969 8.
