2596 3532
649 467 683 520 20

386 643 525 690 muneribus
544 642 665 700 sapienter
681 641 719 687 uti

320 729 453 787 duramque
471 728 542 775 callet
559 726 697 784 pauperiem
717 726 776 784 peti,

321 814 439 874 pejusque
456 813 505 858 leto
523 811 642 871 flagitium
659 811 736 858 timet.
769 810 884 868 ,ΗοιῐΛτΙ
904 823 979 856 carin.
998 805 1023 868 4,
1041 804 1066 868 9,

927 890 962 942 45
979 907 1030 956 sqq.

322 982 391 1029 Nihil
409 983 446 1028 est
464 980 492 1027 eb
511 980 577 1026 omni
594 983 662 1038 perte
679 979 783 1027 beatum.
819 979 920 1026 Honnn.
945 992 1021 1026 carm.
1040 974 1065 1038 2,

884 1059 926 1122 16,
943 1059 976 1111 ei
994 1076 1030 1126 sq.

475 1133 567 1181 Ultima
585 1147 678 1191 semper

323 1217 481 1276 exspectanda
499 1217 550 1264 dies
568 1217 668 1278 homini,
687 1217 781 1278 dieique
798 1215 882 1263 beatus
979 1247 980 1251 ,

323 1307 378 1350 ente
396 1302 489 1350 obitum
506 1317 575 1349 nemo
593 1316 751 1362 supremaque
767 1301 852 1348 funere
869 1300 946 1348 debet.
986 1299 1064 1346 Ovnn.

794 1391 849 1434 met.
868 1379 1029 1448 3,135sqq.

324 1474 350 1518 Is
368 1477 405 1520 est
422 1471 506 1518 beatus
530 1487 600 1531 quem
623 1472 688 1518 nulle
711 1485 750 1518 ree
767 1471 883 1517 minorem
900 1469 970 1518 fecit:
1000 1473 1066 1518 tenet

268 1571 364 1604 summu
389 1561 413 1604 et
436 1569 465 1602 ne
488 1557 533 1603 ulli
557 1556 653 1615 quidem
675 1555 724 1602 nisi
745 1555 792 1602 sibi
816 1559 852 1602 est
869 1556 979 1602 innixus:
1010 1570 1064 1602 nam

270 1643 314 1702 qui
331 1641 412 1700 aliquo
431 1641 521 1687 auxilio
540 1641 681 1700 sustinetur,
698 1643 779 1699 potest
796 1640 886 1687 eadere.
914 1641 972 1688 Suu.
991 1641 1062 1702 epist.

945 1721 986 1781 92,
1004 1721 1028 1774 2.

322 1808 386 1863 Quid
410 1813 446 1858 eet
469 1811 539 1857 beate
561 1810 628 1858 nite?
662 1810 778 1858 securitas
805 1813 828 1857 et
854 1813 970 1869 perpetue
996 1813 1063 1857 tren-

268 1896 389 1954 quillitas.
426 1894 486 1942 Suu.
505 1895 575 1954 epist.
594 1890 635 1954 92,
653 1890 677 1942 3.

324 1993 414 2048 Quidni
437 2010 484 2042 non
507 1996 586 2054 possit
607 1996 676 2043 beate
698 1997 748 2044 vite
770 1995 890 2044 rescindi?
920 2011 949 2042 ne
972 1996 1064 2042 remitti

268 2080 368 2140 quidem
397 2084 490 2138 potest:
521 2084 545 2126 et
568 2079 621 2127 ideo
645 2082 723 2128 tintus
745 2082 776 2128 ad
797 2081 865 2128 illem
891 2096 934 2139 per
959 2096 984 2128 ee
1010 2081 1063 2139 ipse

268 2167 331 2214 satis
350 2168 394 2212 est
432 2166 492 2213 Snn.
512 2165 583 2226 epist.
603 2162 644 2224 92,
662 2162 695 2212 21
714 2162 774 2227 (23).

323 2268 402 2323 Turpe
420 2268 456 2312 est
474 2265 567 2312 beatam
585 2267 659 2312 vitem
676 2267 702 2313 in
720 2281 777 2314 euno
796 2271 819 2314 et
831 2270 928 2327 argento
940 2257 1061 2326 reponere.

669 2351 728 2398 Suu.
747 2352 817 2413 epist.
838 2348 895 2412 110,
914 2347 945 2399 17
964 2347 1026 2415 (18).

292 2489 294 2495 Ι
318 2436 381 2482 Dico
404 2437 460 2482 tune
483 2434 576 2482 beatem
598 2435 685 2495 vitam,
712 2451 785 2495 quum
810 2439 906 2495 peraeta
931 2435 982 2482 fate
1004 2436 1061 2482 eint.

568 2521 664 2567 Auson.
684 2519 735 2568 iud.
754 2524 816 2581 sept.
835 2521 940 2582 sapient.
960 2515 984 2580 5,
1004 2517 1026 2568 1.

608 2655 719 2702 Bellum.

320 2757 370 2804 Diu
387 2757 549 2816 apparandum
567 2759 603 2803 eet
621 2757 722 2817 bellum,
745 2759 772 2804 ut
791 2756 871 2804 vineas
890 2758 997 2804 celemus.
1033 2758 1060 2804 P.

806 2842 869 2888 Sum
886 2846 949 2890 tent.
970 2837 1027 2891 126.

319 2927 426 2974 Fortuna
454 2927 513 2974 belli
541 2940 634 2984 semper
660 2926 760 2984 ancipiti
788 2927 814 2973 in
840 2928 892 2974 loco
919 2929 963 2974 est.
1000 2927 1059 2974 Suu.

857 3009 948 3058 Phoeni.
968 3005 1025 3059 629.
