2596 3532
620 429 654 482 29

291 605 344 654 Sibi
361 619 410 652 non
427 618 508 651 cavere
526 605 550 650 et
567 603 622 650 aliis
640 603 768 650 consilium
786 603 842 650 dere

290 691 393 738 stultum
410 691 454 735 est.
491 689 608 735 Parere.
620 687 682 750 seb.
702 686 726 748 1,
744 685 768 749 9,
788 688 801 737 1
821 706 858 753 sq.

291 776 352 823 Cave
376 774 478 822 amicum
502 772 599 832 credes,
617 773 667 820 nisi
691 774 713 820 si
737 788 807 832 quem
824 775 971 833 probaveris.
1007 777 1035 825 P.

797 859 862 906 Sim
879 867 940 907 seut.
959 855 1001 908 85.

291 944 352 991 Cave
369 942 500 1002 quidquam
518 942 634 1002 incipias,
658 941 723 1001 quod
739 943 862 1000 poeniteat
878 949 970 1001 poster.
1006 945 1034 992 P.

798 1029 862 1076 Sim
878 1031 940 1077 cent.
958 1027 1000 1080 86.

571 1111 708 1159 eeleritate.

289 1215 321 1260 In
330 1212 472 1260 vindicando
482 1212 610 1260 criminose
619 1217 656 1260 est
665 1213 782 1262 celeritas.
798 1213 826 1260 P.
834 1214 896 1261 srm
905 1219 967 1263 sent.
975 1211 1033 1263 236.

292 1299 334 1345 Set
352 1297 462 1345 celeriter
486 1298 513 1344 fit
540 1296 658 1356 quidquid
684 1298 713 1344 fit
736 1298 796 1345 setis
813 1299 881 1345 bene.
916 1299 1032 1346 Aveusr.

715 1397 757 1444 ap.
777 1384 853 1431 Siler.
872 1386 939 1444 Aug.
957 1378 998 1431 25.

593 1484 678 1532 cibus.

293 1571 359 1618 Solet
376 1569 452 1628 cibus,
470 1582 543 1627 quum
561 1567 672 1627 sumitur,
690 1568 776 1615 tacitos
789 1567 890 1627 efficere,
908 1571 980 1626 potus
996 1570 1033 1615 le-

241 1669 334 1714 queces.
370 1654 489 1700 lirceon.
508 1655 558 1702 sat.
577 1649 601 1714 7,
620 1649 643 1700 1.
663 1653 686 1712 ξ.
703 1649 726 1700 l.

292 1740 364 1788 Juvat
388 1737 455 1784 cibus
473 1742 528 1796 post
546 1754 614 1796 opus.
642 1735 764 1789 Qumm.
783 1737 843 1786 decl.
861 1731 919 1786 298.
937 1751 964 1799 p.
984 1732 1033 1788 165

885 1822 921 1870 ed.
942 1822 998 1884 Bip.

561 1888 716 1938 clementis.

654 1976 689 2022 Re
711 1975 765 2032 ipse
785 1975 881 2032 repperi

291 2060 408 2108 facilitate
436 2060 470 2106 nil
493 2058 549 2106 'esse
575 2059 668 2105 homini
693 2059 778 2105 melius
801 2072 878 2118 neque
900 2059 1033 2106 clementie.

493 2143 608 2190 Teneris.
628 2143 732 2204 Adelph.
754 2141 779 2204 ὃ,
796 2139 821 2202 4,
839 2139 855 2191 6
873 2137 943 2205 (860)
961 2158 998 2205 eq.

293 2231 373 2278 Metus
391 2229 513 2288 improbos
532 2229 672 2288 compescit,
691 2243 739 2274 non
756 2227 887 2274 clementie.
922 2227 950 2276 P.
969 2226 1033 2273 Seni

855 2316 916 2360 sent.
939 2307 997 2360 288.

293 2401 406 2462 Magnum
424 2399 520 2446 timeris
537 2398 668 2445 remedium
685 2396 810 2444 clementie
827 2399 871 2443 est.
901 2396 963 2443 See.
987 2396 1034 2444 Oe·

873 2485 921 2529 tec.
940 2475 998 2528 442.

582 2550 695 2598 coelum.
878 2548 881 2559 ’

292 2638 347 2684 Non
366 2639 402 2685 est
420 2635 450 2684 ed
468 2638 533 2684 estre
550 2636 631 2682 mollis
654 2649 666 2682 e
686 2635 758 2683 terris
783 2633 828 2680 vie.
864 2633 926 2680 Sere.
956 2632 1033 2680 Here.

866 2716 922 2778 fer.
940 2710 998 2765 437.

572 2788 710 2848 cogitatio.

293 2891 393 2940 Liberae
422 2895 478 2938 sunt
504 2894 601 2938 nestrae
628 2887 791 2949 cogitationes.
828 2887 880 2934 cic.
907 2900 953 2948 pro
977 2885 1033 2934 Mil.

897 2967 938 3031 29,
958 2967 998 3019 79.
