2608 3524
623 373 673 428 129

302 548 334 595 Di
351 551 528 607 praeceptorem
546 549 623 596 saneti
641 548 737 596 volucre
756 547 863 606 parentis

301 647 353 680 case
373 634 433 680 lece.
457 634 562 716 iuvita.
580 637 629 683 set.
649 629 673 694 7,
691 629 742 682 209
760 647 795 696 eq.

553 753 734 814 Praeceptum.

300 853 409 915 Longum
425 855 473 902 iter
490 857 527 902 est
543 869 587 913 per
602 857 742 916 praecepte,
768 855 839 902 breve
856 857 881 902 et
897 853 982 902 efficax
998 867 1042 912 per

244 939 363 997 exempla.
399 939 459 986 Suu.
478 939 551 1001 epist.
569 936 594 999 6,
611 934 636 986 5.

300 1023 392 1070 Eadem
419 1027 456 1072 est
480 1027 663 1084 praeceptorum
689 1023 795 1072 conditio
821 1037 882 1084 quae
909 1023 1040 1070 seminum:

248 1107 351 1156 multum
368 1107 485 1170 efficiunt,
503 1111 527 1156 et
543 1112 646 1169 angusta
663 1113 727 1157 sunt.
764 1109 826 1156 Sne.
845 1108 918 1170 epist.
938 1104 980 1168 38,
998 1102 1023 1155 2.

298 1193 429 1251 Praecepta
454 1193 511 1240 dere
537 1193 623 1242 scienti
649 1208 822 1264 supervacuum
848 1195 899 1254 est,
925 1191 1043 1239 nescienti

245 1291 338 1336 perum.
374 1276 526 1339 θεωρία.
548 1275 649 1341 94,11.

298 1363 394 1424 Ingenii
411 1363 448 1410 ais
464 1363 600 1422 praeceptis
618 1364 692 1412 ulitur
709 1367 733 1412 ct
757 1365 850 1412 crescit.
888 1363 949 1410 San.
968 1361 1041 1422 epist.

714 1501 719 1518 ἱ
905 1442 947 1507 94,
965 1442 1006 1496 30.

296 1532 428 1590 Preecepte
444 1532 521 1593 bona,
545 1533 567 1580 si
593 1547 663 1592 saepe
685 1536 765 1581 tecum
787 1535 857 1594 sunt,
884 1545 959 1592 aeque
985 1533 1042 1578 sunt

242 1615 379 1678 profutura,
398 1617 550 1678 quambene
567 1619 681 1677 exempla.
718 1619 779 1666 San.
797 1617 869 1678 epist.
887 1611 929 1677 94,
947 1609 989 1664 42.

297 1699 445 1754 Quibusdam
462 1703 597 1762 praeceptis
620 1702 750 1751 efficaciter
766 1701 888 1750 feriuntur
905 1701 977 1749 etiem
994 1700 1041 1746 im-

240 1787 394 1844 periu'saimi.
432 1787 491 1835 San.
510 1788 582 1850 epist.
601 1783 644 1849 94,
660 1783 695 1836 42
714 1781 776 1850 (43).

295 1871 363 1918 Nihil
381 1871 448 1920 atiud
465 1871 573 1931 praecipi
590 1872 674 1932 debet,
698 1871 748 1918 nisi
770 1870 836 1932 qued
852 1871 921 1928 priua
938 1869 1042 1930 quisque

242 1954 293 2001 sibi
322 1955 482 2014 imperaverit.
518 1957 583 2003 Van.
609 1957 679 2003 Max.
699 1955 765 2016 fact.
790 1959 813 2004 et
837 1955 898 2004 dict.
923 1968 992 2001 mem.
1016 1951 1042 2014 8,

938 2034 963 2098 0,
982 2034 1006 2088 3.

295 2124 383 2186 Pejcre
397 2126 497 2186 Juvenes
509 2126 581 2174 facile
592 2129 720 2184 praecepte
732 2125 842 2172 audiunt.
862 2123 922 2170 Suu.
940 2121 1041 2184 Thyest.

947 2202 1007 2256 309.

562 2277 718 2326 Praemium.

294 2375 375 2430 Quum
393 2377 436 2426 das
454 2393 526 2426 uvare
538 2379 681 2438 praemium,
699 2383 728 2428 ut
739 2379 825 2428 noceat
836 2391 917 2437 roges.
937 2376 966 2423 P.
979 2376 1043 2422 sm

864 2463 928 2509 seret.
949 2456 1007 2508 108.

292 2544 412 2606 Egregios
441 2547 548 2596 invitant
573 2549 680 2607 praemia
709 2561 796 2594 meres.
833 2545 984 2593 Onsnnrnn.
1014 2545 1045 2592 de

741 2629 809 2680 lead.
830 2630 887 2680 Stil.
906 2626 931 2690 2,
950 2625 1008 2678 125.

558 2735 719 2784 Praeterita.

291 2833 430 2884 Praeterita
453 2838 531 2898 magis
554 2835 699 2896 reprehendi
720 2835 824 2894 pessunt
851 2847 924 2894 quem
948 2832 1046 2892 corrigi.

705 2919 762 2968 Liv.
783 2917 843 2966 ittet.
862 2913 905 2978 30,
923 2913 966 2978 30,
985 2913 1009 2964 7.

878 3002 890 3041 9
