2596 3532
628 405 660 456 73

250 576 320 623 dibus
340 580 441 624 aetatem
459 582 540 636 agunt,
559 577 623 624 sures
641 579 731 636 publici
748 579 774 624 iu
792 593 849 624 auro
862 582 933 636 atque
945 578 971 624 in
982 593 1040 636 pnr-

248 677 309 721 pnra
352 662 383 709 M.
403 661 473 708 Caro
493 666 556 710 erat.
575 659 615 711 70.
628 662 669 725 sc.
690 661 712 710 1.

302 745 424 806 Quidquid
442 747 545 794 delirant
561 762 637 807 reges,
654 749 792 806 plectuntur
810 748 901 794 Achivi.
937 749 1039 794 chnr.

787 833 860 894 epist.
880 829 903 893 1,
922 829 946 892 2,
966 829 1005 880 14.

302 917 429 975 Sacrilegia
455 917 547 964 minuta
575 919 720 976 puniuntur,
750 931 834 977 magna
860 917 886 964 in
911 917 1041 976 triumphis

249 1001 366 1048 feruntur.
403 1003 461 1048 Suu.
480 1001 551 1062 epist.
570 997 611 1059 87,
629 999 663 1050 20
682 997 742 1064 (23).

300 1087 348 1134 Dat
364 1087 456 1132 veniam
474 1087 560 1146 corvis,
577 1093 647 1135 vexat
664 1101 763 1134 censura
781 1087 909 1134 columbas.
944 1088 1040 1134 Juvnn.

855 1177 903 1221 sat.
922 1168 947 1232 2,
965 1167 1006 1220 63.

515 1240 637 1287 Incertus
664 1241 775 1287 enimus.
799 1291 803 1304 ¹

301 1324 348 1370 Ubi
365 1325 428 1372 laeta
446 1324 512 1370 duris
530 1324 602 1370 mista
620 1324 646 1370 in
663 1325 774 1384 ambiguo
789 1325 879 1386 jacent,

299 1409 404 1456 incertus
422 1409 515 1456 animus
529 1409 590 1456 scire
602 1424 675 1468 quum
689 1411 777 1470 cupiat,
787 1410 863 1456 timet.
883 1410 942 1457 Suu.
955 1406 1040 1470 Oedip.

902 1489 953 1543 208
970 1508 1006 1556 sq.

561 1563 735 1612 Incommode.

300 1646 377 1692 Multa
403 1661 431 1692 ex
458 1661 505 1704 quc
531 1646 621 1694 fuerint
647 1647 782 1706 commoda,
813 1648 864 1708 ejus
893 1647 1043 1694 incommoda

644 1746 745 1790 aequum
763 1735 799 1778 est
816 1731 886 1780 ferre.

575 1816 687 1864 Tannum
706 1817 769 1864 Hes.
790 1813 815 1877 5,
833 1813 858 1877 3,
876 1811 909 1864 42
928 1812 1007 1879 (840).

553 1933 734 1994 Indulgentiae.

298 2019 402 2066 Dextera
420 2019 547 2076 praecipue
565 2019 629 2076 capit
645 2019 794 2078 indulgentia
812 2023 909 2066 mentes.

331 2104 457 2161 Asperitas
475 2103 556 2150 odium
575 2119 691 2164 saeveque
708 2104 772 2150 bella
789 2108 874 2151 movet.
906 2105 981 2152 Ovrn.
994 2108 1041 2152 nrt.

794 2203 840 2236 um.
860 2184 885 2248 2,
905 2186 954 2238 145
971 2205 1006 2252 ep.

586 2257 697 2303 Inertis.

298 2325 390 2372 luertia
407 2327 444 2372 est
462 2323 551 2370 laboris
570 2325 699 2372 excusatio.
735 2325 763 2372 P.
784 2326 846 2372 Sim
869 2329 929 2372 sent.
948 2321 1007 2375 212.

580 2443 702 2490 Infamia.

297 2527 429 2574 Hominum
446 2527 589 2574 immortalis
607 2529 644 2574 cst
661 2526 773 2573 iniamia:

298 2613 370 2659 etium
381 2616 433 2659 tum
447 2612 514 2672 vivit,
533 2627 605 2671 quom
623 2627 675 2658 cese
693 2611 775 2658 credas
793 2615 919 2658 mortuam.
939 2610 1039 2658 Pnnun.

656 2697 724 2744 Pers.
743 2692 767 2754 3,
787 2692 810 2755 1,
829 2689 861 2742 27
881 2690 953 2757 (355)
971 2709 1007 2757 sq.

297 2781 383 2827 Falsus
401 2781 478 2827 honor
493 2781 562 2841 juvat
580 2785 603 2828 et
620 2779 722 2827 mendax
739 2780 839 2826 infamia
855 2783 930 2826 terret

297 2879 375 2926 quem,
392 2865 442 2912 nisi
457 2865 597 2912 mendosum
611 2868 635 2912 et
647 2864 828 2912 medicandum?
853 2852 957 2913 Hormi.
968 2867 1042 2926 epist.

731 2959 748 2968 ”
818 2945 841 3010 1,
860 2946 902 3008 16,
920 2944 953 2997 39
971 2965 1007 3011 sq.
