2608 3524
630 411 679 465 126

610 585 706 633 l’eenn.

311 671 416 718 Poenam
434 673 543 718 morntnr
559 669 692 730 improbus,
709 683 757 716 non
776 668 899 727 praeterit.
936 669 963 716 P.
989 667 1055 714 Srnt

881 755 943 801 sent.
961 747 1020 802 374.

312 840 429 887 Praesens
447 853 523 898 poenn
541 839 581 887 sit.
618 839 670 887 Cle.
690 839 720 888 de
737 835 815 886 divin.
833 832 858 897 2,
876 832 918 898 59,
937 832 995 886 122.

311 925 376 972 Raro
394 924 572 973 antecedentem
590 925 717 972 scelestum

346 991 453 1058 deseruit
468 1009 528 1067 pede
545 1023 622 1069 poene
639 1008 732 1058 claudo.
768 1007 872 1055 Honnn.
892 1019 967 1056 earm.
986 1000 1011 1066 3,
1029 999 1055 1065 2,

932 1086 966 1139 31
983 1104 1020 1152 sq.

312 1178 413 1238 Culpam
428 1191 506 1237 poene
522 1178 610 1237 premit
627 1192 714 1226 eomes.
739 1177 843 1224 Honnn.
854 1191 931 1226 carm.
942 1171 967 1236 4,
979 1171 1004 1236 5,
1013 1171 1055 1224 24.

313 1263 384 1324 Sere,
410 1266 491 1323 temen
516 1262 599 1311 tacitis
620 1263 701 1311 Poena
718 1262 785 1311 venit
800 1261 911 1322 pedibus.
947 1261 1055 1308 Tmunn.

810 1360 886 1396 carm.
909 1341 933 1406 1,
954 1339 979 1406 9,
996 1338 1021 1391 4.

310 1432 397 1480 Potest
412 1446 490 1491 poena
508 1431 584 1481 dilate
601 1431 672 1492 exigi,
690 1445 738 1478 non
755 1433 836 1490 potest
846 1433 928 1478 exacte
939 1429 1054 1492 revocari.

546 1516 606 1564 Sere.
626 1516 656 1564 de
673 1517 715 1564 ira
733 1513 759 1577 2,
776 1511 818 1576 23,
838 1513 849 1562 l
871 1511 906 1576 (2,
924 1509 967 1576 22,
984 1510 1020 1576 4).

311 1600 377 1648 Setis
400 1603 438 1649 est
460 1615 592 1659 poenarum
612 1601 721 1660 potuisse
742 1601 832 1660 puniri.
868 1600 929 1648 sm.
948 1599 977 1648 de
994 1613 1055 1646 mor.

924 1697 963 1732 ne.
980 1679 1021 1732 69.

310 1769 386 1817 Nemo
403 1783 491 1818 nocens
509 1769 558 1817 sibi
577 1769 630 1828 ipse
646 1783 735 1828 poenes
758 1769 867 1830 abroget.
904 1769 964 1816 sne.
984 1767 1054 1817 Here.

818 1882 820 1890 ·
892 1851 943 1902 oet.
962 1849 1022 1902 899.

312 1939 396 1987 Omnis
413 1952 490 1998 poena
507 1953 556 1986 non
572 1941 622 1986 tam
639 1937 674 1985 nd'
687 1937 802 1988 delictum
818 1939 924 1998 pertinet
936 1953 1009 2000 quem
1026 1937 1057 1986 ed

259 2025 400 2082 exemplum.
437 2023 560 2078 Qnrnnm.
578 2023 640 2072 dece.
658 2019 710 2073 274
726 2027 788 2073 extr.

566 2141 748 2190 Paenitentia.

310 2227 371 2274 Cave
389 2226 521 2287 quidquem
538 2227 648 2287 incipias,
667 2227 732 2286 qnod
753 2227 877 2286 poenitent
899 2232 991 2286 postea.
1028 2227 1056 2274 P.

815 2313 880 2361 sm
897 2315 959 2360 sent.
977 2305 1019 2360 86.

308 2395 421 2454 Optimus
438 2399 476 2444 ent
492 2399 578 2454 portus
595 2395 730 2456 poenitenti
747 2396 851 2445 mutatio
869 2397 972 2444 consilii.
1000 2397 1054 2446 Cle.

720 2484 785 2530 orat.
805 2481 874 2530 Phil.
893 2478 935 2542 12,
953 2477 978 2542 3,
997 2477 1020 2530 7.

213 2618 217 2624 x
307 2564 385 2618 Quem
401 2565 509 2624 poenitet
526 2578 651 2627 peccasse,
679 2580 754 2624 paene
779 2569 816 2614 est
833 2566 957 2614 innoeens.
994 2566 1055 2613 Sere.

850 2654 943 2713 Agam.
961 2646 1021 2700 243.

607 2718 698 2766 Poeta.

307 2800 355 2848 Suo
365 2802 421 2863 jure
432 2805 516 2850 noster
528 2803 569 2849 ille
581 2803 677 2850 Ennius
696 2807 825 2852 sanctos
844 2805 951 2863 appellet
962 2807 1057 2864 poetes,

253 2883 319 2943 quod
337 2885 407 2944 quasi
425 2885 525 2933 deorum
542 2887 623 2946 aliquo
642 2887 705 2935 dono
724 2891 796 2949 atque
820 2903 918 2936 munere
936 2902 1056 2937 commen·

253 2968 304 3017 dati
322 2969 393 3017 nobis
411 2985 464 3018 esse
481 2971 616 3020 videantur.
654 2972 707 3020 Orc.
722 2985 770 3035 pro
788 2971 867 3023 Aret.
884 2976 951 3036 poet.
970 2969 995 3034 8,
1015 2969 1055 3021 18.
