2596 3532
633 387 667 440 42

525 561 613 610 nives.
647 561 774 608 Divitiae.

304 665 372 712 Nihil
390 663 514 710 nocentius
531 663 625 709 novieio
644 662 718 709 divite
736 665 780 709 est.
817 662 878 712 sm.
897 667 1004 712 controv.
1023 661 1048 723 2,

886 743 909 795 9.
934 745 1012 798 128.

305 833 367 880 Mihi
384 831 467 892 erede,
491 846 539 878 non
556 835 624 889 potes
643 830 709 877 dives
727 845 779 878 esse
796 835 820 879 et
837 831 903 878 felix.
929 754 1000 879 iesu.
1018 834 1049 880 de

817 931 877 964 mor.
895 931 936 964 oo.
955 914 1012 966 103.

306 1003 431 1051 Neminem
447 1002 548 1060 peeunie
566 1001 663 1048 divitem
681 999 747 1047 feeit.
782 1001 842 1050 Suu.
862 1002 936 1064 epist.
955 998 1013 1060 119,
1023 999 1047 1050 9.

306 1105 460 1162 Loeupietem
482 1101 541 1149 feeit
564 1117 612 1148 non
634 1103 710 1150 multe
730 1102 866 1163 possidere,
891 1103 934 1149 sed
956 1103 1049 1151 modion

256 1189 399 1236 desiderare.
435 1188 498 1234 Vsu.
518 1188 587 1234 Msx.
600 1185 673 1249 suet.
692 1191 715 1235 et
732 1186 792 1235 dict.
811 1201 880 1236 mem.
898 1182 924 1246 4,
941 1183 966 1246 3,
984 1185 1008 1237 6.

307 1274 362 1321 Non
379 1275 417 1320 est
433 1272 499 1320 dives
517 1287 589 1330 opum
607 1271 682 1331 dives,
700 1286 743 1318 nee
759 1286 850 1330 pauper
867 1271 985 1332 inopsque

341 1357 439 1404 infelix:
466 1356 514 1402 elio
531 1371 574 1403 nee
592 1356 668 1416 magis
686 1355 747 1403 elter
764 1360 824 1416 eget.

308 1444 380 1490 Dives
398 1444 452 1501 eget
468 1442 576 1502 gemmis,
594 1441 685 1488 Cereeli
703 1455 798 1488 munere
815 1455 916 1500 pauper:

342 1526 384 1574 sed
401 1541 475 1585 quum
492 1530 577 1586 egeant
595 1526 676 1585 ambo,
703 1539 793 1584 pauper
819 1541 890 1586 egens
907 1525 986 1572 minus
1004 1530 1048 1574 est.

740 1611 838 1659 Ausom
856 1612 936 1673 epigr.
956 1606 1014 1659 134.

310 1711 369 1764 Quis
382 1712 462 1758 dives?
494 1710 541 1764 Qui
552 1711 614 1757 nihii
626 1712 714 1770 cupiet.
745 1712 804 1765 Quis
817 1712 920 1770 pauper?
948 1715 1049 1762 Avarus.

580 1797 676 1843 Ansou.
694 1801 756 1858 sept.
775 1797 883 1859 sapient.
902 1801 963 1845 seut.
982 1795 1006 1853 1,
1024 1793 1048 1846 3.

513 1898 585 1944 Dives
604 1899 645 1958 qui
662 1899 715 1945 fieri
732 1899 791 1957 vult,

312 1987 336 2030 et
353 1983 400 2030 eito
419 1982 470 2029 vult
487 1982 547 2030 fieri,
582 1983 676 2032 Juvuu.
694 1987 743 2031 sat.
762 1979 803 2040 14,
823 1976 872 2030 176
889 1997 925 2044 eq.

514 2084 597 2132 Omnis
614 2099 661 2144 res,
871 2095 899 2146 γ’

312 2169 397 2227 uirtus,
415 2168 486 2226 fame,
505 2169 584 2228 deeus,
603 2169 684 2216 divine
701 2171 849 2228 humaneque
867 2155 974 2228 pielelnis

312 2253 404 2300 divitiis
421 2256 518 2312 perent3
537 2268 596 2312 ques
614 2254 655 2313 qui
673 2254 841 2312 construxerit,
858 2253 900 2300 iile

313 2339 391 2386 oierus
409 2338 463 2396 erit,
481 2336 562 2398 fertis,
577 2339 667 2400 justus,
686 2339 825 2397 sapiensne?
851 2339 929 2397 etiem,
948 2343 1030 2386 et·rex

313 2426 336 2469 et
354 2421 471 2482 quidquid
488 2423 559 2474 volet.
593 2423 693 2469 Hosne.
711 2427 760 2472 sat.
779 2419 803 2482 2,
822 2417 847 2478 3,
866 2418 900 2472 94
916 2438 969 2486 sqq.

313 2507 405 2554 Infirmi
430 2506 504 2553 enimi
530 2511 566 2554 est
592 2509 642 2566 peti
670 2522 717 2555 non
746 2525 817 2566 posse
848 2507 952 2556 divitias.
990 2508 1051 2556 Seu.

802 2593 875 2654 episi.
893 2587 918 2650 5,
937 2590 953 2640 5
972 2590 1017 2655 (6).

314 2677 340 2722 Is
353 2676 453 2722 mexime
466 2675 558 2724 divitiis
570 2676 667 2737 fruitur,
685 2677 727 2736 qui
738 2678 836 2724 minime
848 2676 940 2725 divitiis
952 2679 1051 2739 indiget.

676 2760 736 2810 Suu.
754 2762 827 2824 epist.
847 2757 887 2822 14,
906 2758 939 2810 15
957 2759 1018 2826 (17).

314 2847 460 2894 Breuissime
482 2845 513 2893 ad
537 2845 634 2893 divitias
656 2861 700 2904 per
725 2848 886 2905 contemptum
914 2846 1053 2895 divitiarum

265 2933 303 2978 vie
320 2935 365 2981 est,
400 2931 461 2980 Suu.
479 2932 550 2992 epist.
569 2925 611 2992 62,
629 2927 646 2979 2
664 2926 710 2993 (3).
885 3001 910 3032 η
