2596 3532
653 413 687 466 60

274 583 295 644 ’ζ
327 589 449 648 speciosus
473 603 527 635 oum
547 587 654 646 periculo
677 585 749 633 nitor.
790 584 850 632 Sar.
871 587 976 632 controv.
995 581 1020 646 2,
1038 581 1062 634 9.

884 685 886 692 Ι
956 670 979 730 ξ.
1005 666 1028 717 1.
1062 685 1064 692 Ι

322 757 391 827 Nihil
408 757 481 816 eripit
497 757 603 817 fortuna,
621 757 669 802 nisi
687 757 751 816 quod
769 755 842 802 dedit.
872 755 932 801 San.
944 754 974 802 de
986 757 1062 802 const·

725 843 727 856 '
828 853 884 901 rap.
905 834 929 899 5,
947 836 963 888 2
983 835 1027 900 (4).

323 927 395 981 Quod
417 942 466 974 non
489 925 554 973 dedit
577 920 688 985 fortuna,
713 938 761 972 non
784 925 863 982 eripit.
901 925 960 970 San.
988 924 1061 984 episi.

933 1002 1024 1057 5918.

323 1096 430 1143 Fortuna
441 1107 498 1154 opes
510 1095 612 1156 auferre,
629 1110 678 1142 non
690 1095 803 1156 animum,
821 1097 908 1153 potest.
929 1095 988 1141 Sara
1000 1090 1060 1142 Med.

563 1229 568 1241 ,
969 1175 1026 1228 176.

323 1265 410 1326 Magna
428 1265 530 1312 servitus
549 1268 585 1311 est
602 1278 687 1324 magna
704 1263 808 1311 fortuna.
845 1261 904 1310 aaa.
924 1265 953 1312 do
971 1266 1059 1311 coarot.

707 1347 739 1395 rad
762 1347 841 1408 Potae.
861 1344 885 1409 7,
905 1346 919 1397 1
939 1346 973 1410 (6,
991 1345 1026 1411 5).

323 1434 398 1482 Nihil·
410 1433 451 1500 dat
467 1433 564 1480 fortuna
581 1433 708 1491 mancipio.
744 1433 805 1479 Sera.
824 1434 895 1494 epist.
921 1429 961 1493 72,
980 1429 996 1480 9
1015 1430 1059 1496 (7),

322 1520 432 1580 Magnam
454 1517 575 1566 fortunam
598 1533 697 1578 magnus
721 1518 813 1564 animus
837 1517 910 1565 decet.
947 1499 1006 1564 San.
1030 1519 1060 1566 de

775 1605 840 1650 atem.
859 1601 882 1664 1,
900 1599 924 1662 5,
942 1599 960 1651 4
977 1599 1022 1666 (5).

320 1691 426 1737 Fortuna
442 1687 517 1735 fortes
535 1687 632 1748 metuit,
657 1689 754 1746 ignavos
777 1688 871 1746 promit.
909 1689 969 1736 San.
990 1685 1059 1735 Men·

746 1769 802 1821 159.
820 1799 855 1806 ·-
874 1771 909 1832 Cf.
928 1773 1025 1820 Fortia.

321 1856 384 1910 Quid
401 1872 448 1904 non
466 1871 535 1904 saeva
547 1857 594 1903 sibi
606 1855 683 1906 voluit
693 1859 799 1904 Fortuna
810 1857 905 1904 liaorei‘
925 1855 1056 1903 Mnar'rna.

796 1943 874 2003 epigr.
894 1939 918 2002 4,
939 1938 978 2002 18,
998 1937 1020 1988 7.

296 2047 297 2050 “
320 2029 425 2074 Fortuna
446 2027 529 2074 multis
556 2026 596 2074 dat
622 2027 706 2088 nimia,
734 2028 793 2074 satio
820 2029 888 2074 nulli.
924 2027 1056 2074 Mnarlnn.

781 2113 858 2174 epigr.
878 2109 919 2172 12,
938 2109 983 2172 10,Ι
996 2107 1020 2160 2.

320 2198 346 2244 si
363 2196 460 2244 fortuna
473 2197 544 2256 volet,
563 2197 605 2242 fies
624 2195 651 2242 de
669 2198 763 2244 rhetore
782 2198 875 2255 eonsul;

320 2283 341 2328 si
358 2283 422 2329 volet
439 2283 495 2329 haee
513 2281 602 2342 eadem,
620 2282 662 2328 fiea
681 2281 709 2328 de
727 2283 823 2329 consule
846 2283 935 2328 rhetor.
960 2277 1055 2328 Javnn.

829 2372 877 2413 roi.
891 2363 914 2426 7,
927 2361 976 2414 197
988 2381 1023 2428 sq.

318 2453 448 2500 Fortunam
470 2456 536 2500 tuam
558 2451 649 2510 pressis
672 2451 780 2497 manibus
802 2454 862 2498 tene.
899 2451 1001 2498 Lubrica
1018 2454 1055 2499 eat

266 2545 319 2584 neo'
332 2537 408 2584 invita
430 2537 506 2585 tenori
529 2539 616 2595 potest.
653 2535 732 2582 Char.
759 2536 788 2584 de
810 2541 871 2599 goat.
897 2537 966 2584 Ater.
993 2533 1015 2596 7,
1039 2531 1056 2584 8

899 2616 961 2683 (35),
980 2616 1019 2668 24.

301 2707 407 2754 Fortuna
426 2707 527 2765 spondet
544 2707 619 2752 multa
636 2705 727 2766 multis,
745 2707 852 2763 praestat
869 2705 965 2752 nemini.
997 2706 1055 2753 Vivo
1146 2705 1147 2708 ’

266 2791 292 2838 in
310 2790 361 2837 dies
379 2794 403 2838 ot
419 2793 500 2850 horas,
518 2805 573 2838 nam
589 2790 713 2850 proprium
726 2790 842 2837 estnihil.
862 2790 955 2836 Onera.
967 2791 1053 2838 lasea.

489 2883 527 2923 oo.
545 2872 619 2926 4806.
639 2903 671 2908 -
691 2875 727 2936 Cf.
747 2874 831 2936 Felix,
851 2875 984 2924 sanandae
1001 2888 1051 2924 ror.
