<?xml version="1.0" encoding="UTF-8"?>
<!DOCTYPE html PUBLIC "-//W3C//DTD XHTML 1.0 Transitional//EN"
    "http://www.w3.org/TR/xhtml1/DTD/xhtml1-transitional.dtd">
<html xmlns="http://www.w3.org/1999/xhtml" xml:lang="en" lang="en">
 <head>
  <title>
</title>
<meta http-equiv="Content-Type" content="text/html;charset=utf-8" />
  <meta name='ocr-system' content='tesseract 3.04.00' />
  <meta name='ocr-capabilities' content='ocr_page ocr_carea ocr_par ocr_line ocrx_word'/>
</head>
<body>
  <div class='ocr_page' id='page_1' title='image "./gnomologiasivev00georgoog_0024.png"; bbox 0 0 2596 3532; ppageno 0'>
   <div class='ocr_carea' id='block_1_1' title="bbox 607 417 638 470">
    <p class='ocr_par' dir='ltr' id='par_1_1' title="bbox 607 417 638 470">
     <span class='ocr_line' id='line_1_1' title="bbox 607 417 638 470; baseline -0.065 0"><span class='ocrx_word' id='word_1_1' title='bbox 607 417 638 470; x_wconf 95' lang='lat' dir='ltr'><strong>ll</strong></span> 
     </span>
    </p>
   </div>
   <div class='ocr_carea' id='block_1_2' title="bbox 226 590 1050 2764">
    <p class='ocr_par' dir='ltr' id='par_1_2' title="bbox 226 590 1050 2764">
     <span class='ocr_line' id='line_1_2' title="bbox 227 590 1020 650; baseline 0.001 -11"><span class='ocrx_word' id='word_1_2' title='bbox 227 590 304 639; x_wconf 86' lang='lat' dir='ltr'><strong>eredis</strong></span> <span class='ocrx_word' id='word_1_3' title='bbox 322 594 437 650; x_wconf 85' lang='lat' dir='ltr'><strong>quantum</strong></span> <span class='ocrx_word' id='word_1_4' title='bbox 452 590 507 650; x_wconf 92' lang='lat' dir='ltr'><strong>tibi,</strong></span> <span class='ocrx_word' id='word_1_5' title='bbox 526 591 676 638; x_wconf 81' lang='lat' dir='ltr'><strong>vehementer</strong></span> <span class='ocrx_word' id='word_1_6' title='bbox 688 605 753 638; x_wconf 84' lang='lat' dir='ltr'><strong>erras</strong></span> <span class='ocrx_word' id='word_1_7' title='bbox 774 595 798 639; x_wconf 88' lang='lat' dir='ltr'><strong>et</strong></span> <span class='ocrx_word' id='word_1_8' title='bbox 810 606 858 638; x_wconf 86' lang='lat' dir='ltr'><strong>non</strong></span> <span class='ocrx_word' id='word_1_9' title='bbox 876 593 936 639; x_wconf 84' lang='lat' dir='ltr'><strong>satis</strong></span> <span class='ocrx_word' id='word_1_10' title='bbox 954 593 1020 640; x_wconf 88' lang='lat' dir='ltr'><strong>nosti</strong></span> 
     </span>
     <span class='ocr_line' id='line_1_3' title="bbox 226 675 1019 737; baseline 0.003 -15"><span class='ocrx_word' id='word_1_11' title='bbox 226 675 274 722; x_wconf 79' lang='lat' dir='ltr'><strong>vim</strong></span> <span class='ocrx_word' id='word_1_12' title='bbox 290 689 359 722; x_wconf 84' lang='lat' dir='ltr'><strong>verae</strong></span> <span class='ocrx_word' id='word_1_13' title='bbox 377 675 503 723; x_wconf 71' lang='lat' dir='ltr'><strong>amicitiae.</strong></span> <span class='ocrx_word' id='word_1_14' title='bbox 530 676 567 722; x_wconf 71' lang='lat' dir='ltr'><strong>&#39;l&#39;u</strong></span> <span class='ocrx_word' id='word_1_15' title='bbox 584 689 640 722; x_wconf 86' lang='lat' dir='ltr'><strong>vero</strong></span> <span class='ocrx_word' id='word_1_16' title='bbox 653 676 733 722; x_wconf 87' lang='lat' dir='ltr'><strong>omnia</strong></span> <span class='ocrx_word' id='word_1_17' title='bbox 746 691 799 723; x_wconf 88' lang='lat' dir='ltr'><strong>cnm</strong></span> <span class='ocrx_word' id='word_1_18' title='bbox 815 677 891 723; x_wconf 88' lang='lat' dir='ltr'><strong>amico</strong></span> <span class='ocrx_word' id='word_1_19' title='bbox 905 676 1019 737; x_wconf 87' lang='lat' dir='ltr'><strong>delibera,</strong></span> 
     </span>
     <span class='ocr_line' id='line_1_4' title="bbox 226 759 1018 821; baseline 0 -14"><span class='ocrx_word' id='word_1_20' title='bbox 226 759 268 807; x_wconf 88' lang='lat' dir='ltr'><strong>sed</strong></span> <span class='ocrx_word' id='word_1_21' title='bbox 285 759 314 805; x_wconf 91' lang='lat' dir='ltr'><strong>de</strong></span> <span class='ocrx_word' id='word_1_22' title='bbox 331 759 385 817; x_wconf 93' lang='lat' dir='ltr'><strong>ipso</strong></span> <span class='ocrx_word' id='word_1_23' title='bbox 402 759 478 818; x_wconf 82' lang='lat' dir='ltr'><strong>psius.</strong></span> <span class='ocrx_word' id='word_1_24' title='bbox 514 759 574 806; x_wconf 85' lang='lat' dir='ltr'><strong>Post</strong></span> <span class='ocrx_word' id='word_1_25' title='bbox 591 760 722 807; x_wconf 71' lang='lat' dir='ltr'><strong>amicitiam</strong></span> <span class='ocrx_word' id='word_1_26' title='bbox 739 759 882 808; x_wconf 84' lang='lat' dir='ltr'><strong>credendum</strong></span> <span class='ocrx_word' id='word_1_27' title='bbox 900 765 945 821; x_wconf 90' lang='lat' dir='ltr'><strong>est,</strong></span> <span class='ocrx_word' id='word_1_28' title='bbox 963 765 1018 809; x_wconf 87' lang='lat' dir='ltr'><strong>anta</strong></span> 
     </span>
     <span class='ocr_line' id='line_1_5' title="bbox 227 841 807 906; baseline 0 -15"><span class='ocrx_word' id='word_1_29' title='bbox 227 843 356 891; x_wconf 80' lang='lat' dir='ltr'><strong>amicitiam</strong></span> <span class='ocrx_word' id='word_1_30' title='bbox 370 843 534 904; x_wconf 88' lang='lat' dir='ltr'><strong>judicandum.</strong></span> <span class='ocrx_word' id='word_1_31' title='bbox 571 844 630 891; x_wconf 76' lang='lat' dir='ltr'><strong>Suu.</strong></span> <span class='ocrx_word' id='word_1_32' title='bbox 649 845 721 906; x_wconf 82' lang='lat' dir='ltr'><strong>epist.</strong></span> <span class='ocrx_word' id='word_1_33' title='bbox 740 841 765 904; x_wconf 87' lang='lat'><strong>3,</strong></span> <span class='ocrx_word' id='word_1_34' title='bbox 783 841 807 892; x_wconf 74' lang='lat'><strong>2.</strong></span> 
     </span>
     <span class='ocr_line' id='line_1_6' title="bbox 277 926 1050 998; baseline 0.003 -23"><span class='ocrx_word' id='word_1_35' title='bbox 277 926 342 980; x_wconf 78' lang='lat' dir='ltr'><strong>Quin</strong></span> <span class='ocrx_word' id='word_1_36' title='bbox 358 927 452 976; x_wconf 89' lang='lat' dir='ltr'><strong>dulcius</strong></span> <span class='ocrx_word' id='word_1_37' title='bbox 470 943 541 988; x_wconf 87' lang='lat' dir='ltr'><strong>quam</strong></span> <span class='ocrx_word' id='word_1_38' title='bbox 558 929 645 975; x_wconf 87' lang='lat' dir='ltr'><strong>hahere</strong></span> <span class='ocrx_word' id='word_1_39' title='bbox 663 929 772 989; x_wconf 88' lang='lat' dir='ltr'><strong>amicum,</strong></span> <span class='ocrx_word' id='word_1_40' title='bbox 792 944 845 977; x_wconf 85' lang='lat' dir='ltr'><strong>cum</strong></span> <span class='ocrx_word' id='word_1_41' title='bbox 863 945 910 989; x_wconf 89' lang='lat' dir='ltr'><strong>quo</strong></span> <span class='ocrx_word' id='word_1_42' title='bbox 929 929 1017 978; x_wconf 81' lang='lat' dir='ltr'><strong>audeas</strong></span> <span class='ocrx_word' id='word_1_43' title='bbox 1048 994 1050 998; x_wconf 92' lang='lat'>.</span> 
     </span>
     <span class='ocr_line' id='line_1_7' title="bbox 227 1010 888 1072; baseline 0.002 -12"><span class='ocrx_word' id='word_1_44' title='bbox 227 1017 254 1061; x_wconf 91' lang='lat' dir='ltr'><strong>nt</strong></span> <span class='ocrx_word' id='word_1_45' title='bbox 270 1017 349 1060; x_wconf 87' lang='lat' dir='ltr'><strong>tecum</strong></span> <span class='ocrx_word' id='word_1_46' title='bbox 367 1014 447 1060; x_wconf 90' lang='lat' dir='ltr'><strong>omnia</strong></span> <span class='ocrx_word' id='word_1_47' title='bbox 463 1013 546 1072; x_wconf 85' lang='lat' dir='ltr'><strong>loqui?</strong></span> <span class='ocrx_word' id='word_1_48' title='bbox 583 1014 644 1061; x_wconf 70' lang='lat' dir='ltr'><strong>Seu.</strong></span> <span class='ocrx_word' id='word_1_49' title='bbox 662 1013 693 1060; x_wconf 88' lang='lat' dir='ltr'><strong>da</strong></span> <span class='ocrx_word' id='word_1_50' title='bbox 710 1027 770 1061; x_wconf 83' lang='lat' dir='ltr'><strong>mor.</strong></span> <span class='ocrx_word' id='word_1_51' title='bbox 790 1028 828 1062; x_wconf 84' lang='lat' dir='ltr'><strong>no.</strong></span> <span class='ocrx_word' id='word_1_52' title='bbox 847 1010 888 1063; x_wconf 77' lang='lat'><strong>20.</strong></span> 
     </span>
     <span class='ocr_line' id='line_1_8' title="bbox 278 1098 921 1158; baseline 0.002 -14"><span class='ocrx_word' id='word_1_53' title='bbox 278 1098 357 1152; x_wconf 77' lang='lat' dir='ltr'><strong>Quum</strong></span> <span class='ocrx_word' id='word_1_54' title='bbox 373 1098 480 1144; x_wconf 83' lang='lat' dir='ltr'><strong>Fortuna</strong></span> <span class='ocrx_word' id='word_1_55' title='bbox 496 1101 584 1157; x_wconf 86' lang='lat' dir='ltr'><strong>manet,</strong></span> <span class='ocrx_word' id='word_1_56' title='bbox 601 1098 694 1144; x_wconf 84' lang='lat' dir='ltr'><strong>vultum</strong></span> <span class='ocrx_word' id='word_1_57' title='bbox 710 1098 820 1158; x_wconf 84' lang='lat' dir='ltr'><strong>servatis,</strong></span> <span class='ocrx_word' id='word_1_58' title='bbox 839 1099 921 1147; x_wconf 88' lang='lat' dir='ltr'><strong>amici:</strong></span> 
     </span>
     <span class='ocr_line' id='line_1_9' title="bbox 312 1181 1015 1243; baseline 0 -14"><span class='ocrx_word' id='word_1_59' title='bbox 312 1197 384 1242; x_wconf 87' lang='lat' dir='ltr'><strong>quum</strong></span> <span class='ocrx_word' id='word_1_60' title='bbox 411 1182 504 1243; x_wconf 89' lang='lat' dir='ltr'><strong>cecidit,</strong></span> <span class='ocrx_word' id='word_1_61' title='bbox 530 1183 597 1240; x_wconf 73' lang='lat' dir='ltr'><strong>teupi</strong></span> <span class='ocrx_word' id='word_1_62' title='bbox 622 1181 717 1229; x_wconf 85' lang='lat' dir='ltr'><strong>vertitis</strong></span> <span class='ocrx_word' id='word_1_63' title='bbox 743 1197 785 1229; x_wconf 89' lang='lat' dir='ltr'><strong>ora</strong></span> <span class='ocrx_word' id='word_1_64' title='bbox 801 1182 865 1243; x_wconf 83' lang='lat' dir='ltr'><strong>fuga.</strong></span> <span class='ocrx_word' id='word_1_65' title='bbox 901 1183 1015 1230; x_wconf 78' lang='lat' dir='ltr'><strong>Peneon.</strong></span> 
     </span>
     <span class='ocr_line' id='line_1_10' title="bbox 636 1261 981 1330; baseline 0.006 -16"><span class='ocrx_word' id='word_1_66' title='bbox 636 1270 713 1327; x_wconf 71' lang='lat' dir='ltr'><strong>satur.</strong></span> <span class='ocrx_word' id='word_1_67' title='bbox 732 1261 773 1314; x_wconf 84' lang='lat'><strong>80.</strong></span> <span class='ocrx_word' id='word_1_68' title='bbox 793 1270 816 1330; x_wconf 70' lang='grc' dir='ltr'><strong>ξ.</strong></span> <span class='ocrx_word' id='word_1_69' title='bbox 829 1264 852 1316; x_wconf 90' lang='lat'><strong>9.</strong></span> <span class='ocrx_word' id='word_1_70' title='bbox 871 1281 893 1315; x_wconf 87' lang='grc' dir='ltr'><strong>υ.</strong></span> <span class='ocrx_word' id='word_1_71' title='bbox 911 1265 928 1317; x_wconf 89' lang='grc'><strong>3</strong></span> <span class='ocrx_word' id='word_1_72' title='bbox 945 1283 981 1330; x_wconf 80' lang='lat' dir='ltr'><strong>sq.</strong></span> 
     </span>
     <span class='ocr_line' id='line_1_11' title="bbox 278 1350 767 1411; baseline -0.002 -12"><span class='ocrx_word' id='word_1_73' title='bbox 278 1352 363 1399; x_wconf 87' lang='lat' dir='ltr'><strong>Plures</strong></span> <span class='ocrx_word' id='word_1_74' title='bbox 380 1351 511 1398; x_wconf 82' lang='lat' dir='ltr'><strong>amicosne</strong></span> <span class='ocrx_word' id='word_1_75' title='bbox 529 1350 632 1398; x_wconf 85' lang='lat' dir='ltr'><strong>secunda</strong></span> <span class='ocrx_word' id='word_1_76' title='bbox 648 1365 767 1411; x_wconf 86' lang='lat' dir='ltr'><strong>compara,</strong></span> 
     </span>
     <span class='ocr_line' id='line_1_12' title="bbox 278 1435 1015 1495; baseline -0.001 -11"><span class='ocrx_word' id='word_1_77' title='bbox 278 1450 366 1495; x_wconf 88' lang='lat' dir='ltr'><strong>pancos</strong></span> <span class='ocrx_word' id='word_1_78' title='bbox 383 1435 472 1484; x_wconf 88' lang='lat' dir='ltr'><strong>amicos</strong></span> <span class='ocrx_word' id='word_1_79' title='bbox 494 1435 566 1482; x_wconf 87' lang='lat' dir='ltr'><strong>rebus</strong></span> <span class='ocrx_word' id='word_1_80' title='bbox 590 1435 697 1482; x_wconf 88' lang='lat' dir='ltr'><strong>adversis</strong></span> <span class='ocrx_word' id='word_1_81' title='bbox 719 1435 802 1494; x_wconf 86' lang='lat' dir='ltr'><strong>proba.</strong></span> <span class='ocrx_word' id='word_1_82' title='bbox 837 1437 935 1482; x_wconf 81' lang='lat' dir='ltr'><strong>Ausou.</strong></span> <span class='ocrx_word' id='word_1_83' title='bbox 963 1436 1015 1486; x_wconf 81' lang='lat' dir='ltr'><strong>lud.</strong></span> 
     </span>
     <span class='ocr_line' id='line_1_13' title="bbox 644 1516 981 1584; baseline 0 -16"><span class='ocrx_word' id='word_1_84' title='bbox 644 1524 706 1580; x_wconf 84' lang='lat' dir='ltr'><strong>sept.</strong></span> <span class='ocrx_word' id='word_1_85' title='bbox 728 1521 834 1582; x_wconf 82' lang='lat' dir='ltr'><strong>sapient.</strong></span> <span class='ocrx_word' id='word_1_86' title='bbox 853 1516 878 1580; x_wconf 80' lang='lat'><strong>2,</strong></span> <span class='ocrx_word' id='word_1_87' title='bbox 896 1516 912 1569; x_wconf 82' lang='lat'><strong>6</strong></span> <span class='ocrx_word' id='word_1_88' title='bbox 929 1535 981 1584; x_wconf 76' lang='lat' dir='ltr'><strong>sqq.</strong></span> 
     </span>
     <span class='ocr_line' id='line_1_14' title="bbox 279 1603 1015 1663; baseline 0 -11"><span class='ocrx_word' id='word_1_89' title='bbox 279 1605 338 1653; x_wconf 90' lang='lat' dir='ltr'><strong>Plus</strong></span> <span class='ocrx_word' id='word_1_90' title='bbox 361 1603 431 1652; x_wconf 85' lang='lat' dir='ltr'><strong>amici</strong></span> <span class='ocrx_word' id='word_1_91' title='bbox 454 1605 579 1652; x_wconf 83' lang='lat' dir='ltr'><strong>nocuimus</strong></span> <span class='ocrx_word' id='word_1_92' title='bbox 603 1619 674 1663; x_wconf 87' lang='lat' dir='ltr'><strong>qnam</strong></span> <span class='ocrx_word' id='word_1_93' title='bbox 696 1605 795 1651; x_wconf 87' lang='lat' dir='ltr'><strong>inimici.</strong></span> <span class='ocrx_word' id='word_1_94' title='bbox 835 1605 927 1658; x_wconf 71' lang='lat' dir='ltr'><strong>Qum.</strong></span> <span class='ocrx_word' id='word_1_95' title='bbox 955 1605 1015 1654; x_wconf 84' lang='lat' dir='ltr'><strong>decl.</strong></span> 
     </span>
     <span class='ocr_line' id='line_1_15' title="bbox 909 1686 981 1750; baseline -0.014 -12"><span class='ocrx_word' id='word_1_96' title='bbox 909 1686 933 1750; x_wconf 89' lang='lat'><strong>9,</strong></span> <span class='ocrx_word' id='word_1_97' title='bbox 958 1687 981 1738; x_wconf 90' lang='lat'><strong>1.</strong></span> 
     </span>
     <span class='ocr_line' id='line_1_16' title="bbox 281 1771 1018 1835; baseline -0.003 -13"><span class='ocrx_word' id='word_1_98' title='bbox 281 1774 328 1830; x_wconf 80' lang='lat' dir='ltr'><strong>Qui</strong></span> <span class='ocrx_word' id='word_1_99' title='bbox 350 1774 454 1822; x_wconf 81' lang='lat' dir='ltr'><strong>fortunis</strong></span> <span class='ocrx_word' id='word_1_100' title='bbox 478 1774 579 1834; x_wconf 88' lang='lat' dir='ltr'><strong>alicujus</strong></span> <span class='ocrx_word' id='word_1_101' title='bbox 602 1771 695 1820; x_wconf 88' lang='lat' dir='ltr'><strong>inducti</strong></span> <span class='ocrx_word' id='word_1_102' title='bbox 715 1773 843 1822; x_wconf 85' lang='lat' dir='ltr'><strong>amicitiam</strong></span> <span class='ocrx_word' id='word_1_103' title='bbox 866 1775 917 1835; x_wconf 89' lang='lat' dir='ltr'><strong>ejus</strong></span> <span class='ocrx_word' id='word_1_104' title='bbox 941 1775 1018 1822; x_wconf 88' lang='lat' dir='ltr'><strong>secuti</strong></span> 
     </span>
     <span class='ocr_line' id='line_1_17' title="bbox 230 1855 1013 1921; baseline -0.003 -13"><span class='ocrx_word' id='word_1_105' title='bbox 230 1863 298 1921; x_wconf 88' lang='lat' dir='ltr'><strong>sunt,</strong></span> <span class='ocrx_word' id='word_1_106' title='bbox 323 1860 344 1906; x_wconf 89' lang='lat' dir='ltr'><strong>ci</strong></span> <span class='ocrx_word' id='word_1_107' title='bbox 362 1860 433 1906; x_wconf 89' lang='lat' dir='ltr'><strong>simul</strong></span> <span class='ocrx_word' id='word_1_108' title='bbox 451 1873 477 1906; x_wconf 90' lang='lat' dir='ltr'><strong>ac</strong></span> <span class='ocrx_word' id='word_1_109' title='bbox 494 1857 591 1904; x_wconf 76' lang='lat' dir='ltr'><strong>fortuna</strong></span> <span class='ocrx_word' id='word_1_110' title='bbox 609 1855 702 1916; x_wconf 87' lang='lat' dir='ltr'><strong>dilapsa</strong></span> <span class='ocrx_word' id='word_1_111' title='bbox 719 1861 768 1914; x_wconf 83' lang='lat' dir='ltr'><strong>est,</strong></span> <span class='ocrx_word' id='word_1_112' title='bbox 792 1858 902 1906; x_wconf 87' lang='lat' dir='ltr'><strong>devolant</strong></span> <span class='ocrx_word' id='word_1_113' title='bbox 919 1874 1013 1917; x_wconf 81' lang='lat' dir='ltr'><strong>omnss3</strong></span> 
     </span>
     <span class='ocr_line' id='line_1_18' title="bbox 229 1941 1015 2004; baseline -0.001 -12"><span class='ocrx_word' id='word_1_114' title='bbox 229 1960 302 2004; x_wconf 88' lang='lat' dir='ltr'><strong>quum</strong></span> <span class='ocrx_word' id='word_1_115' title='bbox 314 1944 377 1991; x_wconf 90' lang='lat' dir='ltr'><strong>enim</strong></span> <span class='ocrx_word' id='word_1_116' title='bbox 388 1942 488 1990; x_wconf 86' lang='lat' dir='ltr'><strong>recessit</strong></span> <span class='ocrx_word' id='word_1_117' title='bbox 499 1957 527 1988; x_wconf 89' lang='lat' dir='ltr'><strong>ea</strong></span> <span class='ocrx_word' id='word_1_118' title='bbox 543 1956 590 2001; x_wconf 90' lang='lat' dir='ltr'><strong>res,</strong></span> <span class='ocrx_word' id='word_1_119' title='bbox 609 1956 668 2000; x_wconf 87' lang='lat' dir='ltr'><strong>quas</strong></span> <span class='ocrx_word' id='word_1_120' title='bbox 685 1941 732 1989; x_wconf 85' lang='lat' dir='ltr'><strong>init</strong></span> <span class='ocrx_word' id='word_1_121' title='bbox 744 1943 923 1990; x_wconf 75' lang='lat' dir='ltr'><strong>consuetudinis</strong></span> <span class='ocrx_word' id='word_1_122' title='bbox 937 1958 1015 2004; x_wconf 88' lang='lat' dir='ltr'><strong>cansa,</strong></span> 
     </span>
     <span class='ocr_line' id='line_1_19' title="bbox 228 2027 1015 2089; baseline -0.004 -12"><span class='ocrx_word' id='word_1_123' title='bbox 228 2029 290 2077; x_wconf 88' lang='lat' dir='ltr'><strong>nihil</strong></span> <span class='ocrx_word' id='word_1_124' title='bbox 302 2031 419 2089; x_wconf 89' lang='lat' dir='ltr'><strong>superest,</strong></span> <span class='ocrx_word' id='word_1_125' title='bbox 437 2042 484 2088; x_wconf 89' lang='lat' dir='ltr'><strong>qna</strong></span> <span class='ocrx_word' id='word_1_126' title='bbox 495 2041 521 2074; x_wconf 87' lang='lat' dir='ltr'><strong>re</strong></span> <span class='ocrx_word' id='word_1_127' title='bbox 533 2027 628 2086; x_wconf 87' lang='lat' dir='ltr'><strong>possint</strong></span> <span class='ocrx_word' id='word_1_128' title='bbox 639 2027 665 2072; x_wconf 89' lang='lat' dir='ltr'><strong>in</strong></span> <span class='ocrx_word' id='word_1_129' title='bbox 677 2027 783 2074; x_wconf 82' lang='lat' dir='ltr'><strong>amicitia</strong></span> <span class='ocrx_word' id='word_1_130' title='bbox 800 2027 883 2075; x_wconf 84' lang='lat' dir='ltr'><strong>teneri.</strong></span> <span class='ocrx_word' id='word_1_131' title='bbox 909 2029 1015 2074; x_wconf 73' lang='lat' dir='ltr'><strong>Connus.</strong></span> 
     </span>
     <span class='ocr_line' id='line_1_20' title="bbox 760 2106 980 2173; baseline 0.005 -15"><span class='ocrx_word' id='word_1_132' title='bbox 760 2111 819 2159; x_wconf 79' lang='lat' dir='ltr'><strong>rhet.</strong></span> <span class='ocrx_word' id='word_1_133' title='bbox 837 2106 862 2172; x_wconf 90' lang='grc'><strong>4,</strong></span> <span class='ocrx_word' id='word_1_134' title='bbox 880 2109 922 2173; x_wconf 82' lang='grc'><strong>17,</strong></span> <span class='ocrx_word' id='word_1_135' title='bbox 939 2109 980 2162; x_wconf 77' lang='grc'><strong>24.</strong></span> 
     </span>
     <span class='ocr_line' id='line_1_21' title="bbox 280 2195 1015 2257; baseline -0.003 -11"><span class='ocrx_word' id='word_1_136' title='bbox 280 2199 341 2246; x_wconf 83' lang='lat' dir='ltr'><strong>Eam</strong></span> <span class='ocrx_word' id='word_1_137' title='bbox 358 2197 507 2257; x_wconf 79' lang='lat' dir='ltr'><strong>diligentiam</strong></span> <span class='ocrx_word' id='word_1_138' title='bbox 524 2196 677 2242; x_wconf 87' lang='lat' dir='ltr'><strong>adhibeamus</strong></span> <span class='ocrx_word' id='word_1_139' title='bbox 694 2195 721 2242; x_wconf 92' lang='lat' dir='ltr'><strong>in</strong></span> <span class='ocrx_word' id='word_1_140' title='bbox 738 2196 851 2242; x_wconf 80' lang='lat' dir='ltr'><strong>anucitiis</strong></span> <span class='ocrx_word' id='word_1_141' title='bbox 877 2211 1015 2256; x_wconf 85' lang='lat' dir='ltr'><strong>comparan-</strong></span> 
     </span>
     <span class='ocr_line' id='line_1_22' title="bbox 230 2280 1016 2344; baseline -0.003 -14"><span class='ocrx_word' id='word_1_142' title='bbox 230 2282 275 2344; x_wconf 85' lang='lat' dir='ltr'><strong>dis,</strong></span> <span class='ocrx_word' id='word_1_143' title='bbox 292 2286 321 2331; x_wconf 93' lang='lat' dir='ltr'><strong>ut</strong></span> <span class='ocrx_word' id='word_1_144' title='bbox 337 2297 366 2330; x_wconf 92' lang='lat' dir='ltr'><strong>ne</strong></span> <span class='ocrx_word' id='word_1_145' title='bbox 384 2280 477 2340; x_wconf 90' lang='lat' dir='ltr'><strong>qnando</strong></span> <span class='ocrx_word' id='word_1_146' title='bbox 490 2295 568 2327; x_wconf 88' lang='lat' dir='ltr'><strong>amare</strong></span> <span class='ocrx_word' id='word_1_147' title='bbox 578 2281 720 2338; x_wconf 85' lang='lat' dir='ltr'><strong>incipiamus</strong></span> <span class='ocrx_word' id='word_1_148' title='bbox 729 2295 790 2341; x_wconf 87' lang='lat' dir='ltr'><strong>eum,</strong></span> <span class='ocrx_word' id='word_1_149' title='bbox 809 2296 878 2340; x_wconf 89' lang='lat' dir='ltr'><strong>quem</strong></span> <span class='ocrx_word' id='word_1_150' title='bbox 888 2282 1016 2341; x_wconf 85' lang='lat' dir='ltr'><strong>aliquando</strong></span> 
     </span>
     <span class='ocr_line' id='line_1_23' title="bbox 229 2361 819 2425; baseline -0.003 -11"><span class='ocrx_word' id='word_1_151' title='bbox 229 2367 308 2414; x_wconf 88' lang='lat' dir='ltr'><strong>odisse</strong></span> <span class='ocrx_word' id='word_1_152' title='bbox 325 2365 453 2425; x_wconf 91' lang='lat' dir='ltr'><strong>possimus.</strong></span> <span class='ocrx_word' id='word_1_153' title='bbox 489 2365 541 2413; x_wconf 81' lang='lat'>010.</span> <span class='ocrx_word' id='word_1_154' title='bbox 560 2365 590 2413; x_wconf 86' lang='lat' dir='ltr'><strong>de</strong></span> <span class='ocrx_word' id='word_1_155' title='bbox 608 2365 700 2412; x_wconf 80' lang='lat' dir='ltr'><strong>amicit.</strong></span> <span class='ocrx_word' id='word_1_156' title='bbox 720 2362 760 2425; x_wconf 90' lang='grc'><strong>16,</strong></span> <span class='ocrx_word' id='word_1_157' title='bbox 778 2361 819 2414; x_wconf 84' lang='grc'><strong>60.</strong></span> 
     </span>
     <span class='ocr_line' id='line_1_24' title="bbox 280 2448 1016 2510; baseline -0.003 -12"><span class='ocrx_word' id='word_1_158' title='bbox 280 2451 417 2498; x_wconf 81' lang='lat' dir='ltr'><strong>Amicitiam</strong></span> <span class='ocrx_word' id='word_1_159' title='bbox 433 2464 481 2497; x_wconf 93' lang='lat' dir='ltr'><strong>non</strong></span> <span class='ocrx_word' id='word_1_160' title='bbox 498 2464 539 2508; x_wconf 90' lang='lat' dir='ltr'><strong>spe</strong></span> <span class='ocrx_word' id='word_1_161' title='bbox 556 2448 671 2497; x_wconf 85' lang='lat' dir='ltr'><strong>mercedis</strong></span> <span class='ocrx_word' id='word_1_162' title='bbox 689 2448 793 2510; x_wconf 88' lang='lat' dir='ltr'><strong>adducti,</strong></span> <span class='ocrx_word' id='word_1_163' title='bbox 812 2450 853 2497; x_wconf 90' lang='lat' dir='ltr'><strong>sed</strong></span> <span class='ocrx_word' id='word_1_164' title='bbox 865 2450 1016 2510; x_wconf 88' lang='lat' dir='ltr'><strong>quodomnis</strong></span> 
     </span>
     <span class='ocr_line' id='line_1_25' title="bbox 230 2534 1017 2597; baseline -0.001 -15"><span class='ocrx_word' id='word_1_165' title='bbox 230 2537 281 2597; x_wconf 77' lang='lat' dir='ltr'><strong>sJ&#39;us</strong></span> <span class='ocrx_word' id='word_1_166' title='bbox 297 2535 390 2584; x_wconf 82' lang='lat' dir='ltr'><strong>imatus</strong></span> <span class='ocrx_word' id='word_1_167' title='bbox 407 2535 433 2583; x_wconf 90' lang='lat' dir='ltr'><strong>in</strong></span> <span class='ocrx_word' id='word_1_168' title='bbox 450 2534 503 2592; x_wconf 88' lang='lat' dir='ltr'><strong>ipso</strong></span> <span class='ocrx_word' id='word_1_169' title='bbox 521 2549 600 2580; x_wconf 89' lang='lat' dir='ltr'><strong>amore</strong></span> <span class='ocrx_word' id='word_1_170' title='bbox 623 2534 699 2594; x_wconf 91' lang='lat' dir='ltr'><strong>inest,</strong></span> <span class='ocrx_word' id='word_1_171' title='bbox 725 2537 870 2592; x_wconf 81' lang='lat' dir='ltr'><strong>expetamus.</strong></span> <span class='ocrx_word' id='word_1_172' title='bbox 907 2535 959 2582; x_wconf 78' lang='lat'><em>010.</em></span> <span class='ocrx_word' id='word_1_173' title='bbox 986 2535 1017 2582; x_wconf 83' lang='lat' dir='ltr'><strong>dc</strong></span> 
     </span>
     <span class='ocr_line' id='line_1_26' title="bbox 789 2614 980 2679; baseline 0 -13"><span class='ocrx_word' id='word_1_174' title='bbox 789 2620 878 2667; x_wconf 82' lang='lat' dir='ltr'><strong>amicit.</strong></span> <span class='ocrx_word' id='word_1_175' title='bbox 897 2614 921 2679; x_wconf 89' lang='lat'><strong>9,</strong></span> <span class='ocrx_word' id='word_1_176' title='bbox 939 2615 980 2667; x_wconf 82' lang='lat'><strong>31.</strong></span> 
     </span>
     <span class='ocr_line' id='line_1_27' title="bbox 280 2702 1018 2764; baseline -0.001 -13"><span class='ocrx_word' id='word_1_177' title='bbox 280 2704 343 2752; x_wconf 85' lang='lat' dir='ltr'><strong>Mihi</strong></span> <span class='ocrx_word' id='word_1_178' title='bbox 360 2703 455 2762; x_wconf 87' lang='lat' dir='ltr'><strong>quidem</strong></span> <span class='ocrx_word' id='word_1_179' title='bbox 478 2702 603 2764; x_wconf 77' lang='lat' dir='ltr'><strong>videntur,</strong></span> <span class='ocrx_word' id='word_1_180' title='bbox 628 2703 670 2762; x_wconf 89' lang='lat' dir='ltr'><strong>qui</strong></span> <span class='ocrx_word' id='word_1_181' title='bbox 692 2703 806 2750; x_wconf 89' lang='lat' dir='ltr'><strong>utilitatis</strong></span> <span class='ocrx_word' id='word_1_182' title='bbox 830 2717 901 2751; x_wconf 88' lang='lat' dir='ltr'><strong>causa</strong></span> <span class='ocrx_word' id='word_1_183' title='bbox 923 2703 1018 2763; x_wconf 84' lang='lat' dir='ltr'><strong>fingunt</strong></span> 
     </span>
    </p>
   </div>
   <div class='ocr_carea' id='block_1_3' title="bbox 142 2787 1014 2858">
    <p class='ocr_par' dir='ltr' id='par_1_3' title="bbox 142 2787 1014 2858">
     <span class='ocr_line' id='line_1_28' title="bbox 142 2787 1014 2858; baseline -0.002 -22"><span class='ocrx_word' id='word_1_184' title='bbox 142 2837 147 2858; x_wconf 24' lang='grc' dir='ltr'>ἢ</span> <span class='ocrx_word' id='word_1_185' title='bbox 231 2789 356 2849; x_wconf 85' lang='lat' dir='ltr'><strong>amicitias,</strong></span> <span class='ocrx_word' id='word_1_186' title='bbox 375 2788 572 2836; x_wconf 87' lang='lat' dir='ltr'><strong>amabilissimum</strong></span> <span class='ocrx_word' id='word_1_187' title='bbox 592 2787 681 2835; x_wconf 88' lang='lat' dir='ltr'><strong>nodum</strong></span> <span class='ocrx_word' id='word_1_188' title='bbox 698 2787 815 2834; x_wconf 86' lang='lat' dir='ltr'><strong>amicitiae</strong></span> <span class='ocrx_word' id='word_1_189' title='bbox 836 2789 927 2835; x_wconf 89' lang='lat' dir='ltr'><strong>tollere.</strong></span> <span class='ocrx_word' id='word_1_190' title='bbox 963 2787 1014 2834; x_wconf 79' lang='lat' dir='ltr'><strong>Cic.</strong></span> 
     </span>
    </p>
   </div>
   <div class='ocr_carea' id='block_1_4' title="bbox 282 2867 1017 3016">
    <p class='ocr_par' dir='ltr' id='par_1_4' title="bbox 282 2867 1017 3016">
     <span class='ocr_line' id='line_1_29' title="bbox 721 2867 981 2932; baseline -0.008 -13"><span class='ocrx_word' id='word_1_191' title='bbox 721 2872 751 2919; x_wconf 86' lang='lat' dir='ltr'><strong>de</strong></span> <span class='ocrx_word' id='word_1_192' title='bbox 768 2873 862 2920; x_wconf 78' lang='lat' dir='ltr'><strong>omitit.</strong></span> <span class='ocrx_word' id='word_1_193' title='bbox 882 2869 923 2932; x_wconf 87' lang='grc'><strong>14,</strong></span> <span class='ocrx_word' id='word_1_194' title='bbox 940 2867 981 2920; x_wconf 79' lang='grc'><strong>51,</strong></span> 
     </span>
     <span class='ocr_line' id='line_1_30' title="bbox 282 2956 1017 3016; baseline -0.003 -11"><span class='ocrx_word' id='word_1_195' title='bbox 282 2959 369 3005; x_wconf 84' lang='lat' dir='ltr'><strong>Verum</strong></span> <span class='ocrx_word' id='word_1_196' title='bbox 385 2956 447 3004; x_wconf 90' lang='lat' dir='ltr'><strong>illud</strong></span> <span class='ocrx_word' id='word_1_197' title='bbox 464 2961 514 3013; x_wconf 86' lang='lat' dir='ltr'><strong>est,</strong></span> <span class='ocrx_word' id='word_1_198' title='bbox 537 2956 601 3015; x_wconf 89' lang='lat' dir='ltr'><strong>quod</strong></span> <span class='ocrx_word' id='word_1_199' title='bbox 617 2957 719 3016; x_wconf 86' lang='lat' dir='ltr'><strong>dicitnr,</strong></span> <span class='ocrx_word' id='word_1_200' title='bbox 743 2958 832 3004; x_wconf 88' lang='lat' dir='ltr'><strong>multos</strong></span> <span class='ocrx_word' id='word_1_201' title='bbox 848 2957 941 3004; x_wconf 90' lang='lat' dir='ltr'><strong>modios</strong></span> <span class='ocrx_word' id='word_1_202' title='bbox 959 2957 1017 3004; x_wconf 85' lang='lat' dir='ltr'><strong>salis</strong></span> 
     </span>
    </p>
   </div>
   <div class='ocr_carea' id='block_1_5' title="bbox 0 0 1305 3532">
    <p class='ocr_par' dir='ltr' id='par_1_5' title="bbox 0 0 1305 3532">
     <span class='ocr_line' id='line_1_31' title="bbox 0 0 1305 3532; baseline 0 0"><span class='ocrx_word' id='word_1_203' title='bbox 0 0 1305 3532; x_wconf 95' lang='lat' dir='ltr'><strong> </strong></span> 
     </span>
    </p>
   </div>
  </div>
 </body>
</html>
