2608 3524
607 373 656 426 157

290 549 363 595 Nulla
375 551 515 607 perpetuum
527 548 630 607 gratiam
641 550 730 607 servat,
742 547 790 594 nisi
802 547 909 594 modeste
921 546 1030 594 victoria.

644 632 768 686 Qumrru.
787 633 848 681 decl.
867 628 891 691 9,
910 626 942 678 19
960 633 996 679 iu.

290 719 422 766 Inhonesta
443 718 545 766 victorio
567 722 604 765 est
628 733 685 764 suos
707 718 808 765 vincere.
844 719 904 766 Suu.
923 716 953 766 de
971 730 1030 764 mor.

897 815 936 849 oo.
955 797 996 851 68.

569 869 699 931 vigilare.

291 973 398 1034 Vigilate
416 973 515 1020 addecet
537 973 578 1032 qui
602 987 646 1019 sua
668 973 718 1020 volt
740 973 842 1032 temperi
859 971 973 1019 conficere
990 986 1031 1018 ne-

804 1058 878 1118 gotia.
975 1046 977 1052 ¹

577 1143 676 1190 Peour.
695 1139 762 1189 ruod.
779 1137 805 1201 4,
822 1139 847 1203 2,
867 1139 899 1192 16
918 1137 996 1206 (921).

292 1227 453 1288 Vigilendum·
464 1231 501 1276 est
519 1242 626 1288 semper:
653 1227 743 1274 multae
759 1226 862 1273 insidiae
879 1230 936 1273 sunt
954 1226 1031 1273 bouis.

485 1313 576 1361 Peiore
595 1327 636 1374 up.
656 1312 709 1359 010.
728 1325 773 1372 pro
792 1311 878 1360 Pleno.
897 1307 939 1372 24,
956 1307 997 1360 59.

572 1447 696 1498 villicus.

289 1533 400 1582 Pmeetat
417 1534 523 1581 villicum
541 1531 684 1594 magistrum
701 1547 754 1579 ease
770 1533 942 1594 operariorum,
960 1529 1031 1593 qua'm

237 1619 390 1678 discipulum.
427 1620 526 1666 Couuu.
544 1619 573 1667 de
592 1633 616 1666 re
632 1622 697 1667 ruet.
715 1614 756 1678 11,
777 1613 802 1678 1,
818 1613 843 1665 4.

494 1755 609 1803 Vincere
627 1767 656 1803 ιο
675 1755 770 1814 iprum.

289 1857 336 1904 Est
360 1857 531 1906 difficillimum
555 1871 580 1904 se
602 1857 683 1916 ipsum
703 1857 804 1904 vincere.
841 1855 904 1903 sna.
922 1855 951 1903 de
969 1869 1032 1904 mor.

898 1954 938 1991 oo.
956 1937 997 1990 82.
1070 1942 1073 1948 '

289 2026 388 2074 Fortior
406 2029 443 2098 est
461 2028 503 2086 qui
520 2027 677 2086 cupiditatem
695 2026 768 2073 vincit
793 2040 865 2086 quam
882 2026 925 2085 qui
939 2027 1033 2074 hostem

237 2111 334 2158 aubioit.
371 2112 433 2159 Sar.
453 2111 483 2159 de
500 2126 560 2159 mor.
580 2125 619 2159 uo,
638 2107 680 2160 81.

568 2230 701 2278 Vindiota.

289 2329 382 2378 Minuet
399 2330 507 2378 vindicta
524 2330 638 2378 dolorem.
675 2331 751 2378 Orno.
775 2345 852 2378 emor.
871 2327 895 2391 1,
914 2327 938 2392 7,
956 2326 997 2380 63.

250 2477 252 2484 Ι
717 2415 828 2463 Vindicta

288 2513 357 2546 nemo
376 2499 453 2560 magio
471 2500 559 2562 gaudet
577 2516 649 2561 quem
672 2501 768 2548 femina.
804 2501 903 2549 Juvuu.
922 2505 970 2549 rot.
992 2499 1032 2556 13,

894 2581 943 2634 191
962 2601 997 2649 sq.

288 2667 410 2728 Frequens
428 2670 535 2718 vindicta
552 2684 683 2728 paucorum
695 2670 778 2718 odium
791 2670 910 2729 reprimit,
927 2671 1032 2718 omnium

234 2751 324 2800 irritat.
360 2754 419 2802 Suu.
438 2755 468 2802 de
485 2753 552 2804 elem.
572 2752 595 2816 1,
613 2752 638 2816 8,
657 2750 674 2804 5
692 2749 737 2816 (6).

289 2837 364 2896 Saepe
388 2838 495 2887 vindicta
521 2838 608 2888 obfuit.
643 2840 705 2888 Suu.
730 2838 801 2889 Herc.
820 2839 875 2902 sur.
900 2835 975 2889 1187.
999 2866 1032 2872 -

858 2925 897 2987 Cf.
916 2924 995 2974 meio.
