2608 3524
655 387 704 441 144

621 561 739 609 semu.

335 660 401 716 Quid
418 664 455 710 est
472 675 579 724 somnus,
597 662 689 722 gelidae
707 662 756 710 nisi
772 663 857 711 mortis
875 661 970 722 imago?
1000 661 1079 710 Ovm·

820 761 897 796 amor.
915 742 940 808 2,
958 742 983 807 9,
999 741 1042 796 41.

336 830 422 878 Omnis
438 845 498 891 quse
516 847 588 880 sensu
605 832 733 880 volvuntur
749 833 805 880 vote
823 831 917 892 diurno,

368 918 464 978 pectere
490 917 570 975 sopito
595 916 676 966 reddit
704 917 780 965 emiee
809 917 885 977 quies.
930 917 1077 964 Cesunmm

612 1001 698 1066 praes.
717 1001 746 1050 in
763 1002 807 1050 VI.
826 1016 893 1052 cene.
909 1001 1000 1050 Honor.
1017 997 1042 1050 2.

336 1086 443 1136 Stultum
460 1089 498 1135 est
515 1102 598 1135 somne
616 1087 730 1136 delectari
747 1089 772 1135 et
789 1087 859 1146 qussi
870 1089 972 1134 mortem
988 1086 1078 1146 moliri,

283 1185 359 1231 quum
376 1185 474 1218 somnus
492 1173 590 1220 assidue
607 1173 641 1220 eit
657 1172 744 1220 mortis
760 1172 873 1221 imitatio.
900 1171 962 1220 Sere.
976 1169 1006 1220 cie
1017 1185 1078 1220 mer.

926 1269 967 1304 ne.
985 1251 1043 1305 113.

638 1342 721 1390 Soror.

335 1443 410 1491 Soror
426 1443 562 1502 temperari
584 1443 648 1492 bone
669 1458 718 1490 non
738 1445 827 1502 potest.
863 1442 925 1490 Sere.
943 1441 973 1491 de
989 1443 1078 1492 remed.

828 1525 896 1590 fori.
916 1521 957 1576 16.
976 1529 1000 1589 ξ.
1019 1523 1043 1575 9.

530 1708 532 1711 .
568 1646 688 1706 Sper-ere.
723 1646 796 1708 Spes.

334 1748 462 1806 Insperata
485 1746 596 1796 recidunt
619 1748 696 1808 magis
720 1761 790 1808 seepe
815 1761 887 1807 quem
910 1761 970 1808 quse
989 1760 1079 1806 speres.

611 1832 712 1882 Pisum.
731 1833 808 1884 Most.
827 1829 852 1894 1,
869 1829 895 1894 3,
912 1828 948 1881 40
965 1826 1046 1895 (197).

331 1917 401 1964 Inter
417 1916 554 1974 voluptates
572 1919 610 1964 est
627 1932 752 1976 superesse
770 1917 836 1978 quoe
853 1931 944 1976 speres.
975 1916 1037 1964 Sex.
1050 1915 1082 1964 de

858 1997 1045 2063 πᾶηᾶ

332 2084 419 2132 Omnis
436 2085 537 2146 homini,
556 2085 613 2132 dum
630 2086 699 2148 vivit,
712 2087 830 2146 sperande
842 2090 907 2135 sunt.
935 2087 994 2135 Seis.
1007 2085 1080 2146 epist.

905 2165 947 2232 70,
965 2167 982 2219 5
1000 2165 1047 2231 (6).

332 2253 435 2314 Magnae
457 2253 548 2301 indolis
573 2255 669 2316 signum
693 2259 731 2304 est
748 2269 844 2315 sperare
862 2269 964 2314 semper.
999 2255 1081 2301 Fron.

857 2338 916 2389 hiet.
934 2335 960 2400 4,
977 2335 1003 2401 8,
1022 2335 1046 2389 7.

330 2421 381 2477 Qui
403 2423 439 2471 nil
460 2426 543 2483 potest
567 2439 676 2486 sperare,
694 2424 806 2485 desperet
822 2424 892 2473 nihil.
928 2423 990 2471 Sus.
1008 2423 1082 2472 Med.

332 2592 496 2640 Miserrimum
520 2596 558 2643 est
579 2594 678 2655 timere,
706 2609 780 2654 quum
806 2608 888 2652 speres
913 2595 984 2643 nihil.
1020 2594 1083 2642 Siste.

869 2677 971 2732 r'lierni
989 2672 1048 2727 425.

590 2763 694 2811 Oreduie
711 2764 786 2812 vitem

332 2859 388 2906 spes
406 2845 472 2896 fovet
489 2852 514 2896 et
530 2847 582 2895 fore
606 2863 658 2896 eres
677 2863 771 2908 semper
789 2848 824 2894 eit
841 2848 936 2898 melius.
971 2847 1084 2894 Treuir.

776 2946 854 2981 carm.
873 2927 898 2994 2,
916 2927 941 2994 6,
960 2928 993 2980 19
1010 2947 1047 2994 eq.
