2608 3524
638 366 688 418 122

313 537 362 594 Qui
380 539 499 588 desiderat
516 554 611 600 pacem,
630 539 757 598 praeparet
774 538 870 584 bellum.
906 538 1004 584 Vncnr.
1025 537 1055 585 de

492 638 517 672 re
535 625 587 673 mil.
605 619 627 673 3.
647 626 711 686 prot.
730 627 792 672 extr.
811 639 835 682 p.
854 617 888 672 58
905 622 942 670 ed.
961 620 1019 684 Bip.

509 760 657 809 Peccatum.
684 759 806 808 Peceare.

311 863 423 912 Gemmat
439 865 570 921 peccatum,
588 876 658 921 quem
677 860 759 908 delicti
776 875 824 907 non
840 859 922 919 pudet.
947 861 974 907 P.
988 859 1053 907 Sum

881 949 942 993 aeut.
961 941 1019 993 177.

312 1034 439 1082 Peccatum
456 1035 581 1093 extenuat,
606 1033 648 1091 qui
671 1031 780 1079 celeriter
797 1030 905 1091 corrigit.
941 1031 968 1078 P.
990 1031 1053 1078 Sum

879 1119 940 1164 aeut.
959 1109 1018 1164 363.

309 1204 366 1260 Ipse
383 1202 459 1250 intret
477 1205 578 1262 culpem,
597 1202 639 1261 qui
656 1203 780 1260 peccatum
797 1199 920 1259 praeterit.
946 1200 973 1247 P.
988 1199 1053 1247 Sum

877 1289 939 1334 seul.
958 1280 1017 1334 238.

309 1371 388 1426 Quum
405 1371 465 1420 vitia
482 1374 593 1432 preeunt,
611 1374 693 1429 peccet
711 1370 752 1430 qui
770 1374 833 1417 recte
851 1369 916 1419 lacit.
946 1369 973 1416 P.
988 1369 1052 1417 qur

877 1451 1015 1506 seat.110.

308 1541 337 1588 In
354 1544 449 1599 turpem
466 1555 517 1587 rem
533 1555 631 1598 peccere
648 1539 687 1587 bic
705 1539 842 1600 delinquere
860 1544 905 1588 est.
940 1540 968 1587 P.
986 1540 1052 1587 Sum

876 1631 938 1673 sent.
956 1621 1015 1674 230.

307 1709 395 1768 Turpis
418 1710 539 1758 excusatio
563 1713 599 1757 cet
623 1713 646 1758 ct
663 1709 761 1756 minime
779 1709 916 1767 accipienda
933 1724 1007 1769 quum
1024 1709 1050 1756 in

252 1794 340 1842 ceteris
363 1793 481 1855 peccatis,
504 1797 557 1842 tum
578 1795 600 1842 si
625 1795 679 1854 quie
704 1797 787 1843 contra
814 1809 863 1841 rem
886 1794 1007 1854 publicem
1024 1809 1050 1842 se

252 1878 325 1926 amici
343 1892 414 1926 cauea
430 1878 517 1926 fecisse
534 1878 646 1927 fateatur.
682 1880 734 1927 crc.
754 1880 783 1928 de
802 1881 895 1928 amicit.
915 1876 955 1938 12,
972 1876 1014 1928 40.

305 1963 378 2010 Nulla
395 1965 432 2011 est
449 1964 571 2012 excusatio
588 1965 689 2025 pcccati,
707 1965 729 2011 ci
741 1965 812 2012 amici
824 1979 895 2012 cauea
906 1964 1048 2023 peccaveris.

678 2050 731 2097 Orc.
751 2049 780 2097 de
798 2049 893 2097 amicit.
913 2045 955 2108 11,
972 2045 1013 2098 37.

305 2130 339 2191 si,
357 2132 468 2192 quotiens
486 2138 585 2191 peccunt
602 2135 720 2195 homines,
740 2149 783 2182 cua
800 2133 903 2182 fulmina
920 2135 1002 2182 mittet

336 2213 458 2277 luppiter,
476 2219 562 2278 exiguo
580 2223 688 2278 tempere
700 2219 799 2266 inermi·
810 2219 864 2267 crit.
892 2220 968 2267 Ovrn.
980 2221 1046 2268 trist.

881 2299 906 2366 2,
924 2300 958 2353 33
976 2319 1012 2367 sq.

301 2382 376 2430 Nemo
394 2399 442 2432 non
459 2389 571 2434 nostrum
588 2393 677 2446 peccet.
696 2389 805 2436 homines
824 2403 916 2448 sumus,
934 2404 983 2437 ncu
1001 2389 1047 2437 dei.

693 2475 809 2521 Pnunou.
827 2480 907 2536 satur.
927 2470 969 2536 75,
989 2475 1011 2526 1.

298 2551 349 2606 Qui
365 2568 414 2600 ncn
431 2559 496 2604 vetat
517 2571 628 2619 peecare,
653 2573 728 2619 quum
753 2561 846 2620 possit,
869 2560 947 2620 jubet.
984 2563 1045 2610 Suu.

840 2644 932 2694 Troud.
952 2643 1010 2696 291.

295 2719 401 2768 Multum
428 2723 543 2787 interest,
570 2730 652 2774 utrum
678 2742 776 2786 peccare
803 2731 892 2790 aliquis
914 2733 988 2792 nolit,
1016 2747 1047 2781 an

243 2804 344 2850 nesciat.
383 2805 441 2854 Suu.
461 2811 533 2871 epist.
554 2807 597 2872 90,
615 2807 649 2860 45
667 2809 730 2876 (46).
