2608 3524
639 403 673 457 84

309 591 359 622 non
371 577 451 625 vultus
463 577 578 625 instantia
590 579 686 638 tyranni

345 664 424 708 mente
442 661 521 720 quatit
539 661 623 710 solida.
659 663 760 709 Honan.
784 677 859 710 carm.
879 659 904 722 3,
922 658 947 722 3,
966 661 980 710 1
998 678 1051 726 sqq.

312 745 410 794 Justum
428 760 480 792 esse
497 745 567 793 facile
584 750 629 806 est,
648 747 686 794 eui
703 750 770 794 vacat
787 751 871 804 peetus
889 752 961 794 metu
991 747 1051 794 Suu.

854 833 939 879 Oetae.
957 827 1017 880 441.

311 913 378 960 Bono
387 914 499 975 just'tiae
511 915 620 972 proxima
633 919 669 962 est
683 915 803 962 severitas.
823 915 850 962 P.
863 915 926 962 Sum
935 920 996 964 seat.
1011 913 1051 965 74.

310 999 424 1046 Justitiae
441 1002 523 1057 partes
545 1003 601 1046 sunt
624 1013 671 1046 non
696 999 784 1045 violare
804 999 919 1060 homines,
937 1016 1051 1048 verecun-

258 1083 313 1129 diae
331 1097 378 1129 non
395 1083 520 1130 offendere.
541 1083 593 1130 010.
612 1084 642 1132 do
659 1082 724 1144 qlfio.
743 1080 767 1144 1,
785 1079 827 1145 28,
845 1081 885 1132 99,

311 1167 500 1214 Fundamentum
525 1171 562 1215 est
585 1169 698 1228 justitiae
723 1168 797 1229 fides,
824 1169 850 1214 id
874 1173 910 1217 est
932 1169 1051 1217 dictorum

256 1254 476 1312 conventorumque
493 1253 628 1299 constantia
646 1257 670 1300 et
687 1253 784 1300 veritas.
821 1255 872 1302 010,
895 1255 925 1302 de
942 1252 1008 1314 offic.
1027 1253 1051 1314 1,

934 1335 958 1398 7,
975 1336 1017 1387 23.

308 1419 325 1467 J
327 1419 411 1466 ustitia
429 1420 479 1466 sine
497 1420 626 1478 prudentia
644 1423 747 1468 multum
764 1422 868 1482 poterit,
887 1423 937 1468 sine
953 1423 1052 1482 justit'a

254 1503 318 1549 nihil
335 1503 424 1550 valebit
441 1504 577 1560 prudentia.
613 1505 666 1552 010,
684 1505 713 1554 de
731 1503 796 1566 offic.
814 1501 839 1566 2,
857 1502 882 1562 9,
899 1503 940 1556 34.

308 1589 400 1636 Discite
415 1589 538 1649 J’ustitiam
555 1589 642 1636 moniti
659 1591 683 1636 et
700 1603 747 1636 non
759 1593 864 1637 temnere
873 1591 948 1638 divos.
974 1591 1050 1638 V1ue.

836 1677 895 1725 Aen.
915 1673 940 1736 6,
957 1673 1016 1726 620.

304 1759 322 1806 J
324 1759 409 1805 ustitia
427 1757 529 1804 utilibus
546 1760 638 1804 neotum
654 1772 800 1816 praeponere
821 1759 913 1820 suadet,

306 1856 491 1901 communesque
509 1841 578 1900 sequi
594 1843 659 1902 leges
676 1843 815 1904 injustaque
834 1859 965 1904 numquam
1032 1851 1041 1860 ’“

305 1925 391 1986 largiri
401 1925 481 1973 sociis.
510 1926 657 1974 Onnunmu.
669 1927 698 1974 de
708 1929 776 1976 laud.
793 1927 891 1976 salica.
902 1925 926 1989 2,
938 1926 987 1978 103
996 1945 1048 1994 sqq.

503 2041 622 2091 iuvenis.
658 2044 798 2092 iuventus.

304 2127 391 2188 Pejora
403 2129 506 2188 'juvenes
518 2125 588 2174 facile
600 2132 727 2187 praecepta
740 2131 849 2178 audiunt.
869 2132 930 2180 Sura
949 2132 1048 2195 Taeter.

955 2213 1014 2266 309,

815 2269 821 2286 .

300 2292 407 2342 'Laetitia
422 2296 546 2356 juvenem,
571 2295 639 2342 frons
663 2296 730 2344 deoet
754 2299 835 2346 tristis
859 2315 947 2346 senem.
985 2303 1048 2350 Suu.

829 2383 934 2446 Hippot.
953 2383 1012 2435 453.

557 2447 573 2494 J
575 2447 710 2494 uvenilibus
727 2449 795 2495 aunis

300 2531 427 2578 luxuriant
445 2531 518 2578 animi
536 2545 685 2592 corporaque
702 2532 755 2590 ipsa
772 2533 860 2594 vigent.
897 2535 972 2583 evm.
981 2538 1046 2598 fast.

864 2614 889 2680 5,
908 2617 958 2669 273
976 2637 1012 2685 sq.

250 2737 253 2742 .
274 2704 277 2716 ¹
298 2697 410 2744 Juvenile
426 2698 513 2746 vitium
531 2701 568 2746 est
585 2713 667 2758 regere
684 2713 732 2746 non
749 2715 820 2758 posse
832 2703 945 2760 impetus.
986 2709 1046 2756 Suu.

838 2785 932 2836 Troud.
952 2786 1009 2840 250.

297 2849 417 2896 Juvenilis
436 2849 509 2897 ardor
526 2850 618 2908 impetu
636 2851 714 2909 primo
732 2850 805 2910 lurit3

296 2934 431 2996 languescit
449 2933 513 2981 idem
530 2933 608 2982 faeile.
645 2936 707 2982 Snu.
729 2934 890 2988 Octuo.189.
